=LDR  02840 am a2200553 i 4500
=001  018607665
=003  Uk
=005  20190123100529.0
=008  180305s2017\\\\sp\ab\\\\b\\\\000\0\spa\d
=010  \\$a2017495073  
=020  \\$a9788490127544
=020  \\$a8490127549
=020  \\$a9788490127414$q(paperback)
=020  \\$a8490127417$q(paperback)
=035  \\$a(OCoLC)1011548595$z(OCoLC)1007156996
=040  \\$aC3L$beng$cDLC$dEMU$dHLS$dOCLCF$dC3L$dSTF$erda
=042  \\$aukblderived
=043  \\$as-bl---
=050  00$aHN283.5$b.B47 2017
=082  14$a341$214
=100  1\$aBerdugo Gómez de la Torre, Ignacio,$eauthor.
=245  13$aLa justicia transicional en Brasil :$bel caso de la guerrilla de Araguaia /$cIgnacio Berdugo Gómez de la Torre ; prólogo de Pedro Dallari.
=264  \1$aSalamanca :$bEdiciones Universidad de Salamanca,$c2017.
=300  \\$a195 pages :$billustrations, map ;$c21 cm.
=336  \\$atext$2rdacontent
=337  \\$aunmediated$2rdamedia
=338  \\$avolume$2rdacarrier
=490  1\$aBiblioteca de América ;$v55
=504  \\$aIncludes bibliographical references (pages 165-175).
=505  0\$aLa guerrilla de Araguaia -- El fin de la dictadura militar : el comienzo de una transición controlada -- La presión de los familiares de los desaparecidos y sus primeras consecuencias jurídicas -- La posición de los tribunales Brasileños hasta 2010 -- Las sentencias de 2010 -- La Comisión Nacional de la Verdad (CNV) -- Después de la sentencia de la Corte Interamericana de Derechos Humanos y del informe de la CNV -- Toma de postura : de la responsabilidad penal individual como cuestión pendiente -- Otras consideraciones.
=650  \0$aTransitional justice$zBrazil.
=650  \0$aGovernment, Resistance to$zBrazil$zAraguaia River Valley.
=650  \7$aGovernment, Resistance to.$2fast$0(OCoLC)fst00945663
=650  \7$aPolitics and government.$2fast$0(OCoLC)fst01919741
=650  \7$aTransitional justice.$2fast$0(OCoLC)fst01747069
=651  \0$aAraguaia River Valley (Brazil)$xPolitics and government.
=651  \7$aBrazil.$2fast$0(OCoLC)fst01206830
=651  \7$aBrazil$zAraguaia River Valley.$2fast$0(OCoLC)fst01273694
=700  1\$aDallari, Pedro,$ewriter of prologue.
=830  \0$aBiblioteca de América (Salamanca, Spain) ;$v55.
=852  41$aBritish Library$bHMNTS$jYF.2019.a.1679
=856  42$uhttp://digital.casalini.it/9788490127544
=856  41$3Table of contents$uhttp://bookdata.stanford.edu/casalini/suauth/60/81/60812785.pdf$zAvailable to Stanford-affiliated users at:$xCasaliniTOC$z(source: Casalini)
=CAT  \\$aBATCH-WEL$b00$c20190123$lBLL01$h1005
=CAT  \\$aBATCH-UPD$b00$c20190123$lBLL01$h1007
=FIN  \\$aY$d20190123
=FMT  \\$a  BK
=LAS  \\$aBATCH-UPD$b00$c20190123$lBLL01$h1007
=SRC  \\$aOCLC$bOCLChits0718.txt

