=LDR  03186cam a2200637 a 4500
=001  015425912
=003  Uk
=005  20121031114931.0
=007  tu
=008  091005s2009\\\\sp\\\\\\\b\\\\000\0\spa\d
=020  \\$a9788476357699 (pbk.)
=020  \\$a8476357699 (pbk.)
=035  \\$a(OCoLC)451087350
=040  \\$aC3L$beng$cC3L$dFQG$dGEBAY$dBNM$dDEBBG$dGWDNB$dZCU$dUk
=042  \\$aukblsr
=043  \\$ae-po---$ae-sp---$ae-gx---
=082  04$81\x$a946.0824$222/ger$qDE-101
=084  \\$a267000 Hitler, Adolf*by*ob$2sbb
=084  \\$a8,1$2ssgn
=084  \\$a940$2sdnb
=100  1\$aRos Agudo, Manuel,$d1962-
=245  10$aFranco / Hitler 1940 :$bde la Gran Tentación al Gran Engaño /$cManuel Ros Agudo.
=260  \\$aMadrid :$bArco/Libros,$cc2009.
=300  \\$a95 p. ;$c22 cm.
=336  \\$atext$2rdacontent
=337  \\$aunmediated$2rdamedia
=338  \\$avolume$2rdacarrier
=490  1\$aCuadernos de historia ;$v104
=504  \\$aIncludes bibliographical references.
=505  0\$aLos inicios de una relación interesadda: la Guerra Civil -- Goering y la explotación económica de España: el sistema Hisma-rowak: La Legión Cóndor -- Tres protocolos y un tratado (secreto) de amistad -- Guerra en Europa: los servicios de un neutral complaciente -- El periodo de la "Gran Tentación": de junio a diciembre de 1940 -- Serrano Suñer en Berlín: primera decepción -- Los sucesos de Dakar y el cambio de actitud de Hitler -- "Nos corresponde asegurarnos para la guerra larga" -- Tercera conversación de Serrano con Ribbentrop y segunda con Hitler -- El "Gran Engaño" hitleriano en acción: la ruta Montoire-Hendaya-Montoire -- Berchtesgaden: Cita en los Alpes -- Canaris, el No de Franco y nuevas presiones -- Bordighera, sin resultados -- Mayo de 1941: la Última Tentación -- A modo de conclusión.
=600  10$aFranco, Francisco,$d1892-1975.
=600  10$aHitler, Adolf,$d1889-1945.
=650  \0$aWorld War, 1939-1945$zSpain.
=650  07$aBündnispolitik$2swd
=650  \7$aGuerra mundial, 1939-1945$zEspaña.$2embne
=651  \0$aSpain$xPolitics and government$y1939-1975.
=651  \0$aSpain$xForeign relations$zGermany.
=651  \0$aGermany$xForeign relations$zSpain.
=651  \7$aSpanien$2swd
=651  \7$aDeutschland$2swd
=651  \7$aEspaña$xRelaciones$zAlemania.$2embne
=651  \7$aAlemania$xRelaciones$zEspaña.$2embne
=830  \0$aCuadernos de historia (Arco Libros) ;$v104.
=852  41$aBritish Library$bHMNTS$jYF.2012.a.30424
=856  \\$uhttp://bvbr.bib-bvb.de:8991/F?func=service&doc_library=BVB01&doc_number=018879573&line_number=0001&func_code=DB_RECORDS&service_type=MEDIA$zInhaltsverzeichnis
=856  42$3TOC$uhttp://www.ilibri.casalini.it/toc/60680726.pdf
=856  41$uhttp://digital.casalini.it/9788476359228
=CAT  \\$a5703$b40$c20091124$lBLL01$h1055
=CAT  \\$a7483$b40$c20121031$lBLL01$h1149
=CAT  \\$aBATCH-UPD$b40$c20160605$lBLL01$h0447
=CAT  \\$aW1707-0052$c20170703$lBLL01$h1908
=CAT  \\$aW2308-1659$c20230923$lBLL01$h1050
=FIN  \\$aY$d20121031
=FMT  \\$a  BK
=LAS  \\$aW2308-1659$b00$c20230923$lBLL01$h1050
=SID  \\$aZ39$bOCLC

