=LDR  01568 am a2200433 a 4500
=001  013410404
=003  Uk
=005  20060503154816.0
=008  050912s2005\\\\it\\\\\\\b\\\\000\0\ita\d
=010  \\$a2005448204
=020  \\$a8884532604 (pbk.)
=020  \\$a8884532590 (online)
=035  \\$a(ItFiC)it 05210011
=040  \\$aItFiC$cItFiC$dDLC$dUk
=043  \\$af------$aa------
=050  00$aBP190.5.W35$bV36 2005
=100  1\$aVanoli, Alessandro.
=245  13$aIl mondo musulmano e i volti della guerra :$bconflitto, politica e comunicazione nella storia dell'Islam /$cAlessandro Vanoli.
=260  \\$aFirenze :$bFirenze University Press,$c2005.
=300  \\$a170 p. ;$c24 cm.
=336  \\$atext$2rdacontent
=337  \\$aunmediated$2rdamedia
=338  \\$avolume$2rdacarrier
=490  1\$aKykéion studi e testi. I, Scienze delle religioni ;$v1
=504  \\$aIncludes bibliographical references.
=650  \0$aJihad$xHistory.
=651  \0$aIslamic countries$xHistory, Military.
=830  \0$aKykéion studi e testi.$nI,$pScienze delle religioni ;$v1
=852  41$aBritish Library$bHMNTS$jYF.2006.a.14363
=856  41$3Table of contents$uhttp://www.loc.gov/catdir/toc/casalini02/05210011.pdf
=856  41$uhttp://digital.casalini.it/8884532590
=CAT  \\$a10958$b40$c20060222$lBLL01$h1513
=CAT  \\$a11312$b40$c20060503$lBLL01$h1548
=CAT  \\$aBATCH$b00$c20091217$lBLL01$h0414
=CAT  \\$aBATCH$b00$c20100103$lBLL01$h1208
=FIN  \\$aY$d20060503
=FMT  \\$a  BK
=LAS  \\$aBATCH$b00$c20100103$lBLL01$h1208
=SID  \\$aZ39$bLOC

