=LDR  01801 am a22004814a 4500
=001  013492484
=003  Uk
=005  20060905171314.0
=008  060410s2005\\\\it\\\\\\\b\\\\101\0\ita\d
=010  \\$a2006385141
=020  \\$a9788884533326 (pbk.) :$c15.00 EUR
=020  \\$a8884533325 (pbk.) :$c15.00 EUR
=020  \\$a8884533317 (online)
=035  \\$a(ItFiC)it 05651522
=040  \\$aItFiC$cItFiC$dDLC$dUk
=041  0\$aita$beng
=043  \\$ae-it---
=050  00$aDS135.I85$bV464 2005
=245  00$aEbrei nella terraferma veneta del Quattrocento :$batti del convegno di studi, Verona, 14 novembre 2003 /$ca cura di Gian Maria Varanini, Reinhold C. Mueller.
=260  \\$aFirenze :$bFirenze University Press,$c2005.
=300  \\$a199 p. ;$c24 cm.
=336  \\$atext$2rdacontent
=337  \\$aunmediated$2rdamedia
=338  \\$avolume$2rdacarrier
=490  1\$aReti medievali. Quaderni di rivista ;$v2
=504  \\$aIncludes bibliographical references and index.
=546  \\$aContributions in Italian with abstracts in English.
=650  \0$aJews$zItaly$zVeneto$xHistory$yTo 1500$vCongresses.
=700  1\$aVaranini, Gian Maria.
=700  1\$aMueller, Reinhold C.
=830  \0$aQuaderni di Reti medievali rivista ;$v2.
=852  41$aBritish Library$bHMNTS$jYF.2006.a.27830
=856  41$3Table of contents$uhttp://www.loc.gov/catdir/toc/casalini03/05651522.pdf
=856  41$uhttp://digital.casalini.it/8884533317
=CAT  \\$a6191$b40$c20060616$lBLL01$h1131
=CAT  \\$a11002$b40$c20060810$lBLL01$h1224
=CAT  \\$a11312$b40$c20060905$lBLL01$h1713
=CAT  \\$aBATCH-UPD$b40$c20070408$lBLL01$h1853
=CAT  \\$aBATCH-UPD$b40$c20150410$lBLL01$h1243
=FIN  \\$aY$d20060905
=FMT  \\$a  BK
=LAS  \\$aBATCH-UPD$b40$c20150410$lBLL01$h1243
=SID  \\$aZ39$bLOC

