=LDR  02348cam a2200685 i 4500
=001  020023429
=003  Uk
=005  20220530163151.0
=008  191213s2020\\\\it\\\\\\\b\\\\000\0dita\d
=010  \\$a2019426370  
=016  7\$a9918231293406676$2DNLM
=020  \\$a9788864435558
=020  \\$a8864435557
=020  \\$z9788864435565$q(epub)
=020  \\$z9788864435572$q(pdf)
=035  \\$a(OCoLC)1158053359
=040  \\$aItFiC$beng$cDLC$dOCLCO$dOCLCF$dLGG$dOCLCO$dC3L$dCHSBT$dOCLCO$dNLM$dOCLCO$erda
=042  \\$aukblderived
=043  \\$ae-it---
=050  00$aRG76.T76$bG74 2020
=060  00$aWZ 100
=082  14$a610$214
=100  1\$aGreco, Pietro,$d1955-$eauthor.
=245  10$aTrotula :$bla prima donna medico d'Europa /$cPietro Greco.
=264  \1$aRoma :$bL'asino d'oro edizioni,$c[2020]
=300  \\$a207 pages ;$c19 cm.
=336  \\$atext$2rdacontent
=337  \\$aunmediated$2rdamedia
=338  \\$avolume$2rdacarrier
=490  1\$aProfilo di donna ;$v7
=504  \\$aIncludes bibliographical references (pages 205-207).
=600  00$aTrotula.
=600  02$aTrotula.
=600  07$aTrotula$2fast$0(OCoLC)fst00063986
=600  07$aTrotula$2sbt
=648  \7$aTo 1500$2fast
=650  \0$aWomen gynecologists$zItaly$vBiography.
=650  \0$aGynecologists$zItaly$vBiography.
=650  \0$aWomen in medicine$zItaly$xHistory$yTo 1500.
=650  12$aPhysicians, Women
=650  22$aGynecology
=650  \7$aGynecologists.$2fast$0(OCoLC)fst00949677
=650  \7$aWomen gynecologists.$2fast$0(OCoLC)fst01736598
=650  \7$aWomen in medicine.$2fast$0(OCoLC)fst01177924
=651  \2$aItaly
=651  \7$aItaly.$2fast$0(OCoLC)fst01204565
=655  \2$aBiography
=655  \7$aBiographies.$2fast$0(OCoLC)fst01919896
=655  \7$aHistory.$2fast$0(OCoLC)fst01411628
=830  \0$aProfilo di donna ;$v7.
=852  41$aBritish Library$bHMNTS$jYF.2022.a.18762
=856  41$3Table of contents only$uhttps://www.loc.gov/catdir/toc/cassalini18/4593731.pdf
=856  41$uhttp://digital.casalini.it/9788864435572
=CAT  \\$aBATCH-WEL$b00$c20220530$lBLL01$h1631
=CAT  \\$aBATCH-UPD$b00$c20220530$lBLL01$h1642
=CAT  \\$aBATCH-UPD$b00$c20220530$lBLL01$h1648
=FIN  \\$aY$d20220530
=FMT  \\$a  BK
=LAS  \\$aBATCH-UPD$b00$c20220530$lBLL01$h1648
=SRC  \\$aOCLC$bOCLChits2205.lex

