=LDR  01693cam a2200481 i 4500
=001  020023496
=003  Uk
=005  20230601075356.0
=008  200513s2020\\\\it\\\\\\\b\\\\001\0\ita\d
=010  \\$a  2019426483
=020  \\$a9788832193374
=020  \\$a883219337X
=035  \\$a(OCoLC)1158585198
=040  \\$aItFiC$beng$cDLC$dC3L$dOCLCO$dOCLCF$dGUA$dOCLCO$erda
=042  \\$aukblcatcopy
=050  \4$aPQ
=050  00$aPQ4829.O565$bZ65893 2020
=082  14$a851$214
=100  1\$aGareffi, Andrea,$eauthor.
=245  12$aL'opus contra naturam di Montale /$cAndrea Gareffi.
=264  \1$aNapoli :$bPaolo Loffredo,$c[2020]
=300  \\$a206 pages ;$c23 cm.
=336  \\$atext$btxt$2rdacontent
=337  \\$aunmediated$bn$2rdamedia
=338  \\$avolume$bnc$2rdacarrier
=490  1\$aMosaic,$x2611-1470 ;$v9
=504  \\$aIncludes bibliographical references and index.
=546  \\$aText in Italian.
=600  10$aMontale, Eugenio,$d1896-1981$xCriticism and interpretation.
=600  17$aMontale, Eugenio,$d1896-1981$2fast$0(OCoLC)fst00031793
=655  \7$aCriticism, interpretation, etc.$2fast$0(OCoLC)fst01411635
=830  \0$aMosaic (Naples, Italy) ;$v9.
=852  41$aBritish Library$bHMNTS$jYF.2023.a.12500
=856  41$3Table of contents only$uhttps://www.loc.gov/catdir/toc/cassalini18/4643929.pdf
=856  41$uhttp://digital.casalini.it/9788832193374
=CAT  \\$aCASALINI$b00$c20201130$lBLL01$h0938
=CAT  \\$aBATCH-UPD$b00$c20201130$lBLL01$h0939
=CAT  \\$a15066$b40$c20230601$lBLL01$h0753
=FIN  \\$aY$d20230601
=FMT  \\$a  BK
=LAS  \\$a15066$b40$c20230601$lBLL01$h0753
=SID  \\$aZ39$bOCLC
=SRC  \\$aCASALINI$b34TKH0a_20201122.mrc

