=LDR  01740cam a2200493 i 4500
=001  020170940
=003  Uk
=005  20230227132556.0
=008  200803s2020\\\\it\a\\\\\bc\\\001\0\ita\d
=010  \\$a2019406732  
=020  \\$a9788833134741
=020  \\$a8833134741
=035  \\$a(OCoLC)1197991210
=040  \\$aItFiC$beng$cDLC$dHTV$dOCLCF$dC3L$dOCLCO$erda
=042  \\$aukblderived
=043  \\$ae-it---
=050  00$aZ240.A1$bE77 2020
=082  14$a018$214
=100  1\$aErrani, Paola,$ecompiler.
=245  10$aIncunaboli a Cesena /$cPaola Errani, Marco Palma.
=250  \\$aPrima edizione.
=264  \1$aRoma :$bViella,$cluglio 2020.
=300  \\$a542 pages :$billustrations ;$c24 cm.
=336  \\$atext$2rdacontent
=337  \\$aunmediated$2rdamedia
=338  \\$avolume$2rdacarrier
=490  0\$aIncunaboli ;$v3
=504  \\$aIncludes bibliographical references (pages 437-455) and indexes.
=650  \0$aIncunabula$zItaly$zCesena$vBibliography$vCatalogs.
=650  \7$aEarly printed books.$2fast$0(OCoLC)fst00900645
=650  \7$aIncunabula.$2fast$0(OCoLC)fst00968842
=651  \7$aItaly$zCesena.$2fast$0(OCoLC)fst01205413
=655  \7$aBibliographies.$2fast$0(OCoLC)fst01919895
=655  \7$aCatalogs.$2fast$0(OCoLC)fst01423692
=700  1\$aPalma, Marco,$ecompiler.
=852  41$aBritish Library$bHMNTS$jYF.2023.a.15507
=856  41$3Table of contents only$uhttps://www.loc.gov/catdir/toc/cassalini18/4676533.pdf
=856  41$uhttp://digital.casalini.it/9788833136769
=CAT  \\$aBATCH-WEL$b00$c20230227$lBLL01$h1325
=CAT  \\$aBATCH-UPD$b00$c20230227$lBLL01$h1328
=FIN  \\$aY$d20230227
=FMT  \\$a  BK
=LAS  \\$aBATCH-UPD$b00$c20230227$lBLL01$h1328
=SRC  \\$aOCLC$bOCLChits2301.lex

