=LDR  03166cam a2200793 i 4500
=001  020179360
=003  Uk
=005  20230601114318.0
=008  210125s2020\\\\it\a\\\\\ab\\\001\0\ita\d
=010  \\$a  2020491107
=020  \\$a9788822267351
=020  \\$a8822267354
=035  \\$a(OCoLC)1246672844
=040  \\$aItFiC$beng$cDLC$dOCLCO$dOCLCF$dJHE$dC3L$dOCLCO$dUBY$erda
=041  0\$aita$beng
=042  \\$aukblcatcopy
=043  \\$ae-it---$ae-fr---
=050  00$aN6916$b.L48 2020
=082  14$a709$214
=245  00$aLetterati, artisti, mecenati del Seicento e del Settecento :$bidentità culturali tra antico e moderno /$ca cura di Michela di Macco.
=246  3\$aLetterati, artisti, mecenati del '600 e del '700
=246  30$aIdentità culturali tra antico e moderno
=264  \1$aFirenze :$bLeo S. Olschki editore,$cMMXX.
=300  \\$axiv, 219 pages :$billustrations ;$c24 cm.
=336  \\$atext$btxt$2rdacontent
=336  \\$astill image$bsti$2rdacontent
=337  \\$aunmediated$bn$2rdamedia
=338  \\$avolume$bnc$2rdacarrier
=490  1\$aQuaderni sull'età e la cultura del Barocco ;$v3
=504  \\$aIncludes bibliographical references (pages 179-211) and index.
=546  \\$aTexts in Italian; abstracts in English.
=648  \7$a1600-1799$2fast
=650  \0$aArt, Italian$y17th century.
=650  \0$aArt, Italian$y18th century.
=650  \0$aArt, French$y17th century.
=650  \0$aArt, French$y18th century.
=650  \0$aNew and old in art.
=650  \0$aArt patronage$zItaly$xHistory$y17th century.
=650  \0$aArt patronage$zItaly$xHistory$y18th century.
=650  \0$aArt patronage$zFrance$xHistory$y17th century.
=650  \0$aArt patronage$zFrance$xHistory$y18th century.
=650  \6$aArt italien$y17e siècle.
=650  \6$aArt italien$y18e siècle.
=650  \6$aArt français$y17e siècle.
=650  \6$aArt français$y18e siècle.
=650  \6$aAncien et nouveau dans l'art.
=650  \6$aMécénat$zItalie$xHistoire$y17e siècle.
=650  \6$aMécénat$zItalie$xHistoire$y18e siècle.
=650  \6$aMécénat$zFrance$xHistoire$y17e siècle.
=650  \6$aMécénat$zFrance$xHistoire$y18e siècle.
=650  \7$aArt, French.$2fast$0(OCoLC)fst00816279
=650  \7$aArt, Italian.$2fast$0(OCoLC)fst00816430
=650  \7$aArt patronage.$2fast$0(OCoLC)fst00815756
=650  \7$aNew and old in art.$2fast$0(OCoLC)fst01036824
=651  \7$aFrance.$2fast$0(OCoLC)fst01204289
=651  \7$aItaly.$2fast$0(OCoLC)fst01204565
=655  \7$aHistory.$2fast$0(OCoLC)fst01411628
=700  1\$aDi Macco, Michela,$eeditor.
=830  \0$aQuaderni sull'età e la cultura del Barocco ;$v3.
=852  41$aBritish Library$bHMNTS$jYF.2023.a.12530
=856  41$3Table of contents only$uhttps://www.loc.gov/catdir/toc/cassalini18/4763725.pdf
=856  41$uhttp://digital.casalini.it/9788822284440
=CAT  \\$a15184$b40$c20210504$lBLL01$h1427
=CAT  \\$a15066$b40$c20230601$lBLL01$h1143
=CAT  \\$aW2308-1659$c20230923$lBLL01$h0933
=FIN  \\$aY$d20230601
=FMT  \\$a  BK
=LAS  \\$aW2308-1659$b00$c20230923$lBLL01$h0933
=SID  \\$aZ39$bOCLC

