=LDR  04403cam a22006617i 4500
=001  018594214
=003  Uk
=005  20180503105707.0
=008  160706e201606\\it\\\\\\\b\\\\001\0\ita\d
=010  \\$a  2016406526
=020  \\$a9788874628445
=020  \\$a8874628447
=035  \\$a(OCoLC)957132531$z(OCoLC)957109894$z(OCoLC)958866809$z(OCoLC)982367076
=040  \\$aItFiC$beng$cDLC$dC3L$dOCLCF$dOCLCO$dIUL$dOCLCO$dSTF$dZCU$dZWZ$dOCLCQ$dOCLCO$dFDA$dOCLCA$dOCLCQ$dUk$erda
=042  \\$aukblderived
=043  \\$ae-it---
=050  00$aPN99.I82$bG35 2016
=082  14$a801$214
=100  1\$aGatto, Marco,$d1983-$eauthor.
=245  10$aNonostante Gramsci :$bmarxismo e critica letteraria nell'Italia del Novecento /$cMarco Gatto.
=250  \\$aPrima edizione.
=264  \1$aMacerata :$bQuodlibet,$cgiugno 2016.
=300  \\$a191 pages ;$c22 cm.
=336  \\$atext$btxt$2rdacontent
=337  \\$aunmediated$bn$2rdamedia
=338  \\$avolume$bnc$2rdacarrier
=490  1\$aLettere
=504  \\$aIncludes bibliographical references (pages 183-187) and index.
=505  0\$aEsercizi di formazione : la critica letteraria di Antonio Gramsci -- I problemi del Dopoguerra : alla ricerca di una critica politica -- Verso la dissoluzione del paradigma gramsciano : critica e ideologia tra anni Sessanta e Settanta -- Decadenza e condizione postuma della critica letteraria marxista.
=520  \\$a"L'invito di Antonio Gramsci a una critica letteraria che, senza rinunciare alla propria specificità, potesse essere critica della cultura e progetto di emancipazione per le masse popolari ha subito, nel corso del secolo scorso, non pochi ripensamenti, fino ad arrivare a un netto travisamento. La sinistra culturale italiana non ha saputo interpretare, per varie ragioni, quella particolare dialettica tra autonomia e specificità che Gramsci intravede nella sfera culturale e che deposita nella riflessione contenuta nei Quaderni. Questo saggio ne ricostruisce i nodi concettuali, studiandone la proiezione ideologica sugli eredi: alcuni dei quali, vicini alle posizioni del Pei, dimostrano di non sapersi svincolare dalla lezione invadente dell'idealismo crociano; altri, attestati su posizioni rivoluzionarie, finiscono per promuovere una rinuncia al senso politico della letteratura e dell'arte. Attraverso i libri di Franco Fortini, Alberto Asor Rosa, Arcangelo Leone De Castris e altri, si propone una piccola storia della critica letteraria marxista, letta alla luce di un tradimento delle indicazioni gramsciane, il recupero delle quali, oggi, in un'epoca in cui l'autonomia dei saperi sembra essere divenuta la legge stessa della frammentazione culturale, appare all'autore urgente rilanciare"--$cPage 4 of cover.
=520  8\$aThe book investigates the relationship between Marxist literary criticism in Italy and Antonio Gramsci's works, particularly his series of essays known as the Prison Notebooks.
=600  10$aGramsci, Antonio,$d1891-1937$xCriticism and interpretation.
=600  17$aGramsci, Antonio,$d1891-1937$xOeuvres$xCritique.$2ram
=600  17$aGramsci, Antonio,$d1891-1937$2fast$0(OCoLC)fst00029093
=648  \7$a1900-1999$2fast
=650  \0$aCriticism$zItaly$xHistory$y20th century.
=650  \0$aPolitics and literature$zItaly$xHistory$y20th century.
=650  \0$aCommunism$zItaly$xHistory$y20th century.
=650  \7$aCritique littéraire marxiste$zItalie.$2ram
=650  \7$aCommunism.$2fast$0(OCoLC)fst00870421
=650  \7$aCriticism.$2fast$0(OCoLC)fst00883735
=650  \7$aPolitics and literature.$2fast$0(OCoLC)fst01069960
=651  \7$aItaly.$2fast$0(OCoLC)fst01204565
=655  \7$aCriticism, interpretation, etc.$2fast$0(OCoLC)fst01411635
=655  \7$aHistory.$2fast$0(OCoLC)fst01411628
=830  \0$aLettere (Macerata, Italy)
=852  41$aBritish Library$bHMNTS$jYF.2018.a.7807
=856  41$3Table of contents$uhttp://catdir.loc.gov/catdir/toc/casalini16/3139356.pdf
=856  42$3TOC$uhttp://ilibri.casalini.it/toc/3139356
=856  42$uhttp://digital.casalini.it/9788874629503
=856  42$3TOC$uhttp://www.columbia.edu/cgi-bin/cul/resolve?clio12186092
=CAT  \\$a11131$b40$c20171108$lBLL01$h0855
=CAT  \\$a11131$b40$c20180503$lBLL01$h1057
=CAT  \\$aW2308-1659$c20230923$lBLL01$h0936
=FIN  \\$aY$d20180503
=FMT  \\$a  BK
=LAS  \\$aW2308-1659$b00$c20230923$lBLL01$h0936
=SID  \\$aZ39$bOCLC

