=LDR  03140cam a2200709 i 4500
=001  020200350
=003  Uk
=005  20230227132556.0
=008  201016s2020\\\\it\a\\\\\b\\\\100\0\ita\d
=010  \\$a2019428703  
=020  \\$a9788892950290
=020  \\$a8892950290
=020  \\$a9788892950382$qpdf
=020  \\$a889295038X
=035  \\$a(OCoLC)1201522480$z(OCoLC)1201524759
=040  \\$aItFiC$beng$cDLC$dC3L$dZCU$dOCLCF$dTJC$dOCLCO$erda
=041  0\$aita$aeng
=042  \\$aukblderived
=043  \\$ae------
=050  00$aBL65.P7$b.G844 2020
=082  14$a909$214
=111  2\$aGuerre di religione e propaganda, 1350-1650 (Conference)$d(2020 :$cFlorence, Italy)
=245  10$aGuerre di religione e propaganda :$b1350-1650 /$ca cura di Stefano U. Baldassarri.
=250  \\$aPrima edizione.
=264  \1$aRoma :$bTab,$cottobre 2020.
=300  \\$a219 pages :$billustrations (some color) ;$c22 cm.
=336  \\$atext$2rdacontent
=337  \\$aunmediated$2rdamedia
=338  \\$avolume$2rdacarrier
=490  0\$aEquiano ;$v2
=500  \\$a"Il volume raccoglie sette contributi concepiti per essere presentati al convegno Guerre di religione e propaganda: 1350-1650 che l'International Studies Institute di Firenze e l'Università di Kanazawa avevano previsto per le giornate del 3 e 4 marzo 2020. Cancellato l'evento a causa della diffusione del coronavirus, gli organizzatori hanno deciso ugualmente di raccogliere i saggi"--Front flap.
=504  \\$aIncludes bibliographical references.
=546  \\$aContributions in Italian and English.
=648  \7$a476-1699$2fast
=650  \0$aReligion and politics$zEurope$xHistory$vCongresses.
=650  \0$aWar$xReligious aspects$vCongresses.
=650  \0$aChurch history$yMiddle Ages, 600-1500$vCongresses.
=650  \0$aChurch history$y17th century$vCongresses.
=650  \6$aReligion et politique$zEurope$xHistoire$vCongrès.
=650  \6$aGuerre$xAspect religieux$vCongrès.
=650  \7$aChurch history.$2fast$0(OCoLC)fst00860740
=650  \7$aChurch history$xMiddle Ages.$2fast$0(OCoLC)fst01710943
=650  \7$aReligion and politics.$2fast$0(OCoLC)fst01093842
=650  \7$aWar$xReligious aspects.$2fast$0(OCoLC)fst01170374
=651  \0$aEurope$xHistory$y476-1492$vCongresses.
=651  \0$aEurope$xHistory$y1492-1648$vCongresses.
=651  \6$aEurope$xHistoire$y476-1492$vCongrès.
=651  \6$aEurope$xHistoire$y1492-1648$vCongrès.
=651  \7$aEurope.$2fast$0(OCoLC)fst01245064
=655  \7$aConference papers and proceedings.$2fast$0(OCoLC)fst01423772
=655  \7$aHistory.$2fast$0(OCoLC)fst01411628
=700  1\$aBaldassarri, Stefano Ugo,$eeditor.
=830  \0$aEquiano ;$v2.
=852  41$aBritish Library$bHMNTS$jYF.2023.a.15508
=856  41$3Table of contents only$uhttps://www.loc.gov/catdir/toc/cassalini18/4703141.pdf
=856  41$uhttp://digital.casalini.it/9788892950382
=CAT  \\$aBATCH-WEL$b00$c20230227$lBLL01$h1325
=CAT  \\$aBATCH-UPD$b00$c20230227$lBLL01$h1328
=FIN  \\$aY$d20230227
=FMT  \\$a  BK
=LAS  \\$aBATCH-UPD$b00$c20230227$lBLL01$h1328
=SRC  \\$aOCLC$bOCLChits2301.lex

