=LDR  02197 am a2200577 i 4500
=001  020206950
=003  Uk
=005  20210723172741.0
=008  201123s2020\\\\it\\\\\\\b\\\\000\0\ita\d
=010  \\$a  2020490366
=020  \\$a9788892950405$qpaperback
=020  \\$a8892950401$qpaperback
=020  \\$a9788892950412$qpdf
=020  \\$a889295041X
=035  \\$a(OCoLC)1224577033$z(OCoLC)1224576130
=040  \\$aItFiC$beng$cDLC$dC3L$dZCU$dOCLCO$dOCLCF$dUk$erda
=042  \\$aukblsr
=043  \\$ae-it---
=050  00$aDG495$b.V65 2020
=082  14$a327$214
=100  1\$aVolpini, Paola,$eauthor.
=245  13$aIl viaggio dell'ambasciatore :$btra Stati italiani e corti europee (XVI-XVII s.) /$cPaola Volpini.
=250  \\$aPrima edizione.
=264  \1$aRoma :$bTAB edizioni,$cnovembre 2020.
=300  \\$a202 pages ;$c21 cm
=336  \\$atext$btxt$2rdacontent
=337  \\$aunmediated$bn$2rdamedia
=338  \\$avolume$bnc$2rdacarrier
=504  \\$aIncludes bibliographical references (pages 175-202).
=530  \\$aAlso available electronically.
=648  \7$a1492-1789$2fast
=650  \0$aDiplomatic and consular service, Italian$xHistory$y16th century.
=650  \0$aDiplomatic and consular service, Italian$xHistory$y17th century.
=650  \0$aInternational relations$xHistory.
=650  \7$aDiplomatic and consular service, Italian.$2fast$0(OCoLC)fst00894297
=650  \7$aDiplomatic relations.$2fast$0(OCoLC)fst01907412
=650  \7$aInternational relations.$2fast$0(OCoLC)fst00977053
=651  \0$aItaly$xForeign relations$y1492-1559.
=651  \0$aItaly$xForeign relations$y1559-1789.
=651  \7$aItaly.$2fast$0(OCoLC)fst01204565
=655  \7$aHistory.$2fast$0(OCoLC)fst01411628
=852  41$aBritish Library$bHMNTS$jYF.2021.a.6549
=856  41$3Table of contents only$uhttps://www.loc.gov/catdir/toc/cassalini18/4723481.pdf
=856  41$uhttp://digital.casalini.it/9788892950412
=CAT  \\$aCASALINI$b00$c20210531$lBLL01$h2023
=CAT  \\$aBATCH-UPD$b00$c20210531$lBLL01$h2023
=CAT  \\$a11342$b40$c20210723$lBLL01$h1727
=FIN  \\$aY$d20210723
=FMT  \\$a  BK
=LAS  \\$a11342$b40$c20210723$lBLL01$h1727
=SID  \\$aZ39$bOCLC

