=LDR  02782cam a2200529 i 4500
=001  020339133
=003  Uk
=005  20230227132557.0
=008  201210s2020\\\\it\a\\\\\b\\\\000\0\ita\d
=010  \\$a2020490864  
=020  \\$a9788836180493
=020  \\$a8836180493
=035  \\$a(OCoLC)1227514391
=040  \\$aItFiC$beng$cDLC$dC3L$dHTV$dOCLCO$dOCLCF$dCLART$dERASA$dOCLCO$erda
=042  \\$aukblderived
=043  \\$ae-it---
=050  00$aN6888.D8$bF47 2020
=082  14$a709$214
=100  1\$aFerrari, Simone,$eauthor.
=245  10$aDürer e Leonardo :$bil paragone delle arti a Nord e a Sud delle Alpi /$cSimone Ferrari.
=264  \1$aGenova :$bGenova University Press,$c[2020]
=300  \\$a132 pages :$billustrations (some color) ;$c24 cm.
=336  \\$atext$2rdacontent
=337  \\$aunmediated$2rdamedia
=338  \\$avolume$2rdacarrier
=490  1\$aArti visive e patrimonio culturale ;$v9
=504  \\$aIncludes bibliographical references.
=520  8\$aIl libro propone il confronto fra i due massimi esponenti del Rinascimento europeo da un punto di vista particolare: il ?Paragone? delle arti, un tema assai sentito e dibattuto all?epoca. Attraverso le grandi dinamiche che riguardano artisti, viaggi, committenti, vengono messe a fuoco convergenze/discontinuità fra Leonardo e Dürer in ambito critico e metodologico e si propongono confronti stilistici che postulano la necessità dei viaggi italiani del maestro tedesco. Le rispettive posizioni emergono in relazione a temi come l?antico, il concetto di Idea artistica, la Bellezza, la Natura e configurano una koiné (ossia un linguaggio) spesso condivisa e, in contemporanea, la ricerca di un linguaggio universale a Nord e a Sud delle Alpi.
=600  10$aDürer, Albrecht,$d1471-1528$xCriticism and interpretation.
=600  00$aLeonardo,$cda Vinci,$d1452-1519$xCriticism and interpretation.
=600  17$aDürer, Albrecht,$d1471-1528$2fast$0(OCoLC)fst00044083
=600  07$aLeonardo,$cda Vinci,$d1452-1519$2fast$0(OCoLC)fst00033122
=650  \0$aParagone (Aesthetics)
=650  \6$aParagone (Esthétique)
=650  \7$aparagone (concept)$2aat
=650  \7$aParagone (Aesthetics)$2fast$0(OCoLC)fst01789335
=655  \7$aCriticism, interpretation, etc.$2fast$0(OCoLC)fst01411635
=830  \0$aArti visive e patrimonio culturale ;$v9.
=852  41$aBritish Library$bHMNTS$jYF.2023.a.15611
=856  41$3Table of contents only$uhttps://www.loc.gov/catdir/toc/cassalini18/4732865.pdf
=856  41$uhttp://digital.casalini.it/9788836180509
=CAT  \\$aBATCH-WEL$b00$c20230227$lBLL01$h1325
=CAT  \\$aBATCH-UPD$b00$c20230227$lBLL01$h1329
=FIN  \\$aY$d20230227
=FMT  \\$a  BK
=LAS  \\$aBATCH-UPD$b00$c20230227$lBLL01$h1329
=SRC  \\$aOCLC$bOCLChits2301.lex

