=LDR  04290cam a2200577 i 4500
=001  020339167
=003  Uk
=005  20211103134303.0
=008  201026s2020\\\\it\\\\\\\b\\\\101\0\ita\d
=010  \\$a  2020491214
=020  \\$a9788893500616
=020  \\$a8893500612
=035  \\$a(OCoLC)1236855630
=040  \\$aItFiC$beng$cDLC$dC3L$dOCLCO$dOCLCF$dSTF$erda
=042  \\$aukblderived
=050  00$aPN56.I55$bG56 2019
=082  14$a800$214
=111  2\$aGiornata di studi I figli di Eolo, il motivo mitico e letterario dell'incesto nel passaggio tra culture e epoche diverse$d(2019 :$cUniversità dell'Aquila),$jauthor.
=245  12$aI figli di Eolo :$bil motivo mitico e letterario dell'incesto tra antico e moderno /$ca cura di Silvia Quadrelli e Elena Subrani.
=264  \1$aRavenna :$bLongo editore,$c[2020]
=300  \\$a228 pages ;$c24 cm.
=336  \\$atext$btxt$2rdacontent
=337  \\$aunmediated$bn$2rdamedia
=338  \\$avolume$bnc$2rdacarrier
=490  0\$aIl Portico ;$v187.$aSezione materiali letterari
=500  \\$aPapers presented at the conference held at the Università dell'Aquila, L'Aquila, Italy, February 20-22, 2019.
=504  \\$aIncludes bibliographical references and indexes.
=520  \\$aL'incesto ©· uno dei pi©£ grandi tab©£ culturali della storia dell'uomo, eppure, o forse proprio per questo, ©· presente come motivo letterario in tutte le culture e le epoche. Viene descritto come crimine, come qualcosa di indicibile, ma allo stesso tempo sembra che nessuna letteratura possa aver fatto a meno di nominarlo e rappresentarlo. Ma che cos'©· l'incesto? In che modo il contesto culturale e la sua evoluzione hanno influito sulla trattazione di una tematica tanto delicata? Le fonti letterarie danno risposte diversificate e talora contrastanti: accettato, almeno per alcuni aspetti, in una cultura e in un'epoca, appare invece esecrabile per i lettori o gli spettatori di un'altra epoca. Ma ©· possibile rintracciare degli elementi che rappresentano delle costanti e caratterizzano il motivo letterario dell'incesto in epoche e culture diverse?
=520  \\$aLe tradizioni mitologiche, le credenze religiose e lo stretto legame tra unioni incestuose e dinamiche politiche hanno contribuito alla creazione di un topos letterario destinato a perdurare nelle letterature di ogni tempo. Un topos per certi aspetti sempre uguale a s©♭ stesso ma, al contempo, che racchiude al suo interno la possibilit©¿ di essere declinato in una grande variet©¿ di modi e di punti di vista. Il volume ©· il frutto delle riflessioni degli studiosi che hanno preso parte alla Giornata di Studi "I Figli di Eolo". Il motivo mitico e letterario dell'incesto nel passaggio tra culture e epoche diverse, che si ©· svolta presso l'Universit©¿ degli Studi dell'Aquila nell'ambito del Dipartimento d'Eccellenza per il progetto ℗±Arti, linguaggi, media: tradurre e transcodificare℗¿. Il motivo dell'incesto ©· dunque al centro di un'analisi comparatistica che si incentra sull'adattamento del tema a culture e a esigenze comunicative differenti. [Testo dell'editore].
=650  \0$aIncest in literature$vCongresses.
=650  \0$aIncest in popular culture$vCongresses.
=650  \0$aIncest$xMythology$vCongresses.
=650  \0$aLiterature$xHistory and criticism$vCongresses.
=650  \7$aIncest in literature.$2fast$0(OCoLC)fst00968547
=650  \7$aIncest in popular culture.$2fast$0(OCoLC)fst00968548
=650  \7$aIncest$xMythology.$2fast$0(OCoLC)fst00968531
=650  \7$aLiterature.$2fast$0(OCoLC)fst00999953
=655  \7$aConference papers and proceedings.$2fast$0(OCoLC)fst01423772
=655  \7$aCriticism, interpretation, etc.$2fast$0(OCoLC)fst01411635
=700  1\$aQuadrelli, Silvia,$eeditor.
=700  1\$aSubrani, Elena,$eeditor.
=852  41$aBritish Library$bHMNTS$jYF.2021.a.14829
=856  41$3Table of contents only$uhttps://www.loc.gov/catdir/toc/cassalini18/4710280.pdf
=856  41$uhttp://digital.casalini.it/9788893500616
=CAT  \\$aCASALINI$b00$c20210927$lBLL01$h2021
=CAT  \\$aBATCH-UPD$b00$c20210927$lBLL01$h2021
=CAT  \\$a11131$b40$c20211103$lBLL01$h1343
=FIN  \\$aY$d20211103
=FMT  \\$a  BK
=LAS  \\$a11131$b40$c20211103$lBLL01$h1343
=SID  \\$aZ39$bOCLC

