=LDR  02194cam a2200613 i 4500
=001  020342955
=003  Uk
=005  20230801122440.0
=008  210831s2021\\\\it\a\\\\\b\\\\001\0\ita\d
=010  \\$a  2020494088
=020  \\$a9788891321213
=020  \\$a8891321214
=035  \\$a(OCoLC)1267987081
=040  \\$aItFiC$beng$cDLC$dCGU$dOCLCF$dC3L$dOCLCO$erda
=042  \\$aukblcatcopy
=043  \\$ae------$ae-gr---$aaw-----
=050  \4$aDG
=050  00$aBL65.D67$bL34 2021
=082  14$a937$214
=100  1\$aLafasciano, Luigi,$eauthor.
=245  10$aArcheologia del sogno rituale :$bdall'arcaismo alla tarda antichità nel mondo greco-romano /$cLuigi Lafasciano.
=264  \1$aRoma :$b"L'Erma" di Bretschneider,$c[2021]
=300  \\$axiii, 351 pages :$billustrations ;$c24 cm.
=336  \\$atext$btxt$2rdacontent
=337  \\$aunmediated$bn$2rdamedia
=338  \\$avolume$bnc$2rdacarrier
=490  1\$aStudia archaeologica ;$v248
=504  \\$aIncludes bibliographical references (pages 281-327) and indexes.
=650  \0$aDreams$xReligious aspects.
=650  \0$aDreams$zGreece$xHistory$yTo 1500.
=650  \0$aDreams$zRome.
=650  \0$aMythology, Classical.
=650  \6$aRêves$xAspect religieux.
=650  \6$aRêves$zRome.
=650  \6$aMythologie ancienne.
=650  \7$aReligion.$2fast$0(OCoLC)fst01093763
=650  \7$aSleep$xReligious aspects.$2fast$0(OCoLC)fst01120827
=651  \0$aGreece$xReligion.
=651  \0$aRome$xReligion.
=651  \6$aGrèce$xReligion.
=651  \6$aRome$xReligion.
=651  \7$aGreece.$2fast$0(OCoLC)fst01208380
=651  \7$aRome (Empire)$2fast$0(OCoLC)fst01204885
=830  \0$aStudia archaeologica ("Erma" di Bretschneider) ;$v248.
=852  41$aBritish Library$bHMNTS$jYF.2023.a.18239
=856  41$3Table of contents only$uhttps://www.loc.gov/catdir/toc/cassalini18/4980146.pdf
=856  41$uhttp://digital.casalini.it/9788891321237
=CAT  \\$a8197$b40$c20210929$lBLL01$h1437
=CAT  \\$a15066$b40$c20230801$lBLL01$h1224
=CAT  \\$aW2308-1659$c20230923$lBLL01$h0948
=FIN  \\$aY$d20230801
=FMT  \\$a  BK
=LAS  \\$aW2308-1659$b00$c20230923$lBLL01$h0948
=SID  \\$aZ39$bOCLC

