=LDR  02029cam a2200553 i 4500
=001  020347710
=003  Uk
=005  20230605084351.0
=008  190930s2021\\\\it\\\\\\\b\\\\001\0\ita\d
=010  \\$a  2020491310
=020  \\$a9788855290630
=020  \\$a8855290630
=035  \\$a(OCoLC)1246546525
=040  \\$aItFiC$beng$cDLC$dOCLCO$dOCLCF$dOCLCO$dC3L$erda
=042  \\$aukblcatcopy
=050  \4$aPN
=050  00$aPN1275$b.F43 2021
=082  14$a809$214
=100  1\$aFebbraro, Paolo,$d1965-$eauthor.
=240  10$aEssays.$kSelections
=245  10$aPoesia allo stato critico :$bsaggi e interventi /$cPaolo Febbraro.
=264  \1$aRoma :$bInSchibboleth,$c[2021]
=300  \\$a403 pages ;$c21 cm.
=336  \\$atext$btxt$2rdacontent
=337  \\$aunmediated$bn$2rdamedia
=338  \\$avolume$bnc$2rdacarrier
=490  0\$aAssaggi,$x2612-0283 ;$v4
=504  \\$aIncludes bibliographical references and index.
=648  \7$a1800-1999$2fast
=650  \0$aPoetry$xHistory and criticism.
=650  \0$aItalian poetry$y19th century$xHistory and criticism.
=650  \0$aItalian poetry$y20th century$xHistory and criticism.
=650  \6$aPoésie$xHistoire et critique.
=650  \6$aPoésie italienne$y19e siècle$xHistoire et critique.
=650  \6$aPoésie italienne$y20e siècle$xHistoire et critique.
=650  \7$aItalian poetry.$2fast$0(OCoLC)fst00980715
=650  \7$aPoetry.$2fast$0(OCoLC)fst01067691
=655  \7$aCriticism, interpretation, etc.$2fast$0(OCoLC)fst01411635
=852  41$aBritish Library$bHMNTS$jYF.2023.a.12929
=856  41$3Table of contents only$uhttps://www.loc.gov/catdir/toc/cassalini18/4555214.pdf
=856  41$uhttp://digital.casalini.it/9788855290647
=CAT  \\$aCASALINI$b00$c20211004$lBLL01$h2018
=CAT  \\$aBATCH-UPD$b00$c20211004$lBLL01$h2018
=CAT  \\$a15066$b40$c20230605$lBLL01$h0843
=FIN  \\$aY$d20230605
=FMT  \\$a  BK
=LAS  \\$a15066$b40$c20230605$lBLL01$h0843
=SID  \\$aZ39$bOCLC
=SRC  \\$aCASALINI$b34TKH0a_20211003.mrc

