=LDR  02581cam a2200625 i 4500
=001  020355519
=003  Uk
=005  20230227132600.0
=008  201211e202104\\it\\\\\\\b\\\\001\0\ita\d
=010  \\$a2020491720  
=020  \\$a9788822906076
=020  \\$a8822906071
=035  \\$a(OCoLC)1245348115
=040  \\$aItFiC$beng$cDLC$dC3L$dOCLCO$dGZM$dOCLCO$dOCLCF$dUBY$dOCLCO$erda
=042  \\$aukblderived
=043  \\$ae-it---
=050  00$aPQ4815.O74$bZ644 2021
=082  14$a418$214
=100  1\$aFantappiè, Irene,$eauthor.
=245  10$aFranco Fortini e la poesia europea :$briscritture di autorialità /$cIrene Fantappiè.
=250  \\$aPrima edizione.
=264  \1$aMacerata :$bQuodlibet,$caprile 2021.
=264  \4$c©2021
=300  \\$a172 pages ;$c22 cm.
=336  \\$atext$2rdacontent
=337  \\$aunmediated$2rdamedia
=338  \\$avolume$2rdacarrier
=490  1\$aLetteratura tradotta in Italia
=504  \\$aIncludes bibliographical references (pages 153-164) and index.
=600  10$aFortini, Franco,$d1917-1994$xCriticism and interpretation.
=600  10$aFortini, Franco,$d1917-1994$xTranslations$xHistory and criticism.
=600  10$aFortini, Franco,$d1917-1994$xKnowledge and learning.
=600  17$aFortini, Franco,$d1917-1994$2fast$0(OCoLC)fst00043125
=648  \7$a1900-1999$2fast
=650  \0$aEuropean poetry$xTranslations into Italian$xHistory and criticism.
=650  \0$aEuropean poetry$xAppreciation$zItaly$xHistory$y20th century.
=650  \0$aTranslating and interpreting$zItaly$xHistory$y20th century.
=650  \6$aPoésie européenne$xAppréciation$zItalie$xHistoire$y20e siècle.
=650  \7$aEuropean poetry$xAppreciation.$2fast$0(OCoLC)fst00916788
=650  \7$aLearning and scholarship.$2fast$0(OCoLC)fst00994857
=650  \7$aTranslating and interpreting.$2fast$0(OCoLC)fst01154795
=650  \7$aTranslations.$2fast$0(OCoLC)fst01154827
=651  \7$aItaly.$2fast$0(OCoLC)fst01204565
=655  \7$aCriticism, interpretation, etc.$2fast$0(OCoLC)fst01411635
=655  \7$aHistory.$2fast$0(OCoLC)fst01411628
=830  \0$aLetteratura tradotta in Italia.
=852  41$aBritish Library$bHMNTS$jYF.2023.a.15495
=856  41$3Table of contents only$uhttps://www.loc.gov/catdir/toc/cassalini18/4734324.pdf
=856  41$uhttp://digital.casalini.it/9788822912022
=CAT  \\$aBATCH-WEL$b00$c20230227$lBLL01$h1325
=CAT  \\$aBATCH-UPD$b00$c20230227$lBLL01$h1331
=FIN  \\$aY$d20230227
=FMT  \\$a  BK
=LAS  \\$aBATCH-UPD$b00$c20230227$lBLL01$h1331
=SRC  \\$aOCLC$bOCLChits2301.lex

