=LDR  02001cam a2200553 i 4500
=001  020355538
=003  Uk
=005  20230807113500.0
=008  210118s2021\\\\it\a\\\\\b\\\\001\0\ita\d
=010  \\$a  2020491836
=020  \\$a9788833137483
=020  \\$a8833137481
=020  \\$a9788833136660$qpdf
=020  \\$a8833136663
=035  \\$a(OCoLC)1253374718$z(OCoLC)1253374755
=040  \\$aItFiC$beng$cDLC$dYDX$dC3L$dOCLCO$dOCLCF$dHUL$dOCLCO$erda
=042  \\$aukblcatcopy
=043  \\$ae-it---
=050  \4$aHE
=050  00$aHE558.V4$bP36 2021
=082  14$a387$214
=100  1\$aPanciera, Walter,$d1957-$eauthor.
=245  13$a"L'acqua giusta" :$bil sistema portuale veneziano nel XVIII secolo /$cWalter Panciera.
=250  \\$aPrima edizione.
=264  \1$aRoma :$bViella,$cmarzo 2021.
=300  \\$a166 pages :$bcolor illustrations ;$c22 cm.
=336  \\$atext$btxt$2rdacontent
=337  \\$aunmediated$bn$2rdamedia
=338  \\$avolume$bnc$2rdacarrier
=490  1\$aFonti e studi di storia veneta ;$vnuova serie, 4
=504  \\$aIncludes bibliographical references and indexes.
=648  \7$a1700-1799$2fast
=650  \0$aHarbors$zItaly$zVenice$xHistory$y18th century.
=650  \6$aPorts$zItalie$zVenise$xHistoire$y18e siècle.
=650  \7$aHarbors.$2fast$0(OCoLC)fst00951219
=651  \7$aItaly$zVenice.$2fast$0(OCoLC)fst01204473
=655  \7$aHistory.$2fast$0(OCoLC)fst01411628
=830  \0$aFonti e studi di storia veneta ;$vnuova serie, 4.
=852  41$aBritish Library$bHMNTS$jYF.2023.a.18971
=856  41$3Table of contents only$uhttps://www.loc.gov/catdir/toc/cassalini18/4755906.pdf
=856  41$uhttp://digital.casalini.it/9788833136660
=CAT  \\$aCASALINI$b00$c20211011$lBLL01$h2020
=CAT  \\$aBATCH-UPD$b00$c20211011$lBLL01$h2020
=CAT  \\$a15066$b40$c20230807$lBLL01$h1135
=FIN  \\$aY$d20230807
=FMT  \\$a  BK
=LAS  \\$a15066$b40$c20230807$lBLL01$h1135
=SID  \\$aZ39$bOCLC
=SRC  \\$aCASALINI$b34TKH0a_20211010.mrc

