=LDR  02527cam a2200625 i 4500
=001  020366991
=003  Uk
=005  20230810103638.0
=008  210504s2021\\\\it\a\\\\\b\\\\001\0\ita\d
=010  \\$a  2020493060
=020  \\$a9788822267399
=020  \\$a8822267397
=035  \\$a(OCoLC)1259292690
=040  \\$aItFiC$beng$cDLC$dOCLCO$dOCLCF$dC3L$dOCLCO$dDDO$erda
=041  0\$aita$afre
=042  \\$aukblcatcopy
=043  \\$ae-it---
=050  \4$aSB
=050  00$aSB457.65$b.C67 2021
=082  14$a712$214
=100  10$aCornaglia, Paolo,$eauthor.
=245  13$aIl giardino francese alla corte di Torino (1650-1773) :$bda André Le Nôtre a Michel Benard /$cPaolo Cornaglia.
=264  \1$aFirenze :$bLeo S. Olschki editore,$c2021.
=300  \\$axxi, 234 pages :$billustrations (some color) ;$c24 cm.
=336  \\$atext$btxt$2rdacontent
=336  \\$astill image$bsti$2rdacontent
=337  \\$aunmediated$bn$2rdamedia
=338  \\$avolume$bnc$2rdacarrier
=490  0\$aLa civiltà delle corti,$x2532-2214 ;$v3
=504  \\$aIncludes bibliographical references (pages 213-224) and index.
=546  \\$aText in Italian; preface in French.
=648  \7$a1600-1799$2fast
=650  \0$aGardens, French$zItaly$zPiedmont$xHistory$y17th century.
=650  \0$aGardens, French$zItaly$zPiedmont$xHistory$y18th century.
=650  \0$aGardens, French$zItaly$zTurin$xHistory$y17th century.
=650  \0$aGardens, French$zItaly$zTurin$xHistory$y18th century.
=650  \6$aJardins français$zItalie$zPiémont$xHistoire$y17e siècle.
=650  \6$aJardins français$zItalie$zPiémont$xHistoire$y18e siècle.
=650  \6$aJardins français$zItalie$zTurin$xHistoire$y17e siècle.
=650  \6$aJardins français$zItalie$zTurin$xHistoire$y18e siècle.
=650  \7$aGardens, French.$2fast$0(OCoLC)fst00937970
=651  \7$aItaly$zPiedmont.$2fast$0(OCoLC)fst01204785
=651  \7$aItaly$zTurin.$2fast$0(OCoLC)fst01205152
=655  \7$aHistory.$2fast$0(OCoLC)fst01411628
=852  41$aBritish Library$bHMNTS$jYF.2023.a.19086
=856  41$3Table of contents only$uhttps://www.loc.gov/catdir/toc/cassalini18/4871528.pdf
=856  41$uhttp://digital.casalini.it/9788822284600
=CAT  \\$aCASALINI$b00$c20211021$lBLL01$h1128
=CAT  \\$aBATCH-UPD$b00$c20211021$lBLL01$h1129
=CAT  \\$a15066$b40$c20230810$lBLL01$h1036
=FIN  \\$aY$d20230810
=FMT  \\$a  BK
=LAS  \\$a15066$b40$c20230810$lBLL01$h1036
=SID  \\$aZ39$bOCLC
=SRC  \\$aCASALINI$b34TKH0a_20211017.mrc

