=LDR  02772cam a2200673 i 4500
=001  020367038
=003  Uk
=005  20230807082141.0
=008  201214s2021\\\\it\\\\\\\b\\\\101\0\ita\d
=010  \\$a  2020493005
=020  \\$a9788835110378
=020  \\$a8835110378
=020  \\$a9788835122173$qpdf
=020  \\$a8835122171
=035  \\$a(OCoLC)1245965822
=040  \\$aItFiC$beng$cDLC$dC3L$dOCLCO$dOCLCF$dOCLCO$dGZM$dOCLCO$dPAU$erda
=042  \\$aukblcatcopy
=043  \\$ae-it---
=050  \4$aDG
=050  00$aDG552.8.C25$bC378 2019
=082  14$a320$214
=111  2\$aCattaneo dopo Cattaneo (Conference)$d(2019 :$cUniversità di Milano)$jauthor.
=245  10$aCattaneo dopo Cattaneo /$ca cura di Carlo G. Lacaita e Alberto Martinelli.
=264  \1$aMilano, Italy :$bFrancoAngeli,$c[2021]
=300  \\$a379 pages ;$c23 cm.
=336  \\$atext$btxt$2rdacontent
=337  \\$aunmediated$bn$2rdamedia
=338  \\$avolume$bnc$2rdacarrier
=490  1\$aStoria/Studi e ricerche ;$v474
=500  \\$aProceedings of the conference held at the Università degli studi di Milano, Milan, Italy, October 30-31, 2019.
=504  \\$aIncludes bibliographical references and index.
=600  10$aCattaneo, Carlo,$d1801-1869$xInfluence$vCongresses.
=600  17$aCattaneo, Carlo,$d1801-1869$2fast$0(OCoLC)fst00058192
=648  \7$a1800-1999$2fast
=650  \7$aInfluence (Literary, artistic, etc.)$2fast$0(OCoLC)fst00972484
=650  \7$aIntellectual life.$2fast$0(OCoLC)fst00975769
=651  \0$aItaly$xIntellectual life$y19th century$vCongresses.
=651  \0$aItaly$xIntellectual life$y20th century$vCongresses.
=651  \6$aItalie$xVie intellectuelle$y19e siècle$vCongrès.
=651  \6$aItalie$xVie intellectuelle$y20e siècle$vCongrès.
=651  \7$aItaly.$2fast$0(OCoLC)fst01204565
=655  \7$aConference papers and proceedings.$2fast$0(OCoLC)fst01423772
=655  \7$aConference papers and proceedings.$2lcgft$0http://id.loc.gov/authorities/genreForms/gf2014026068
=700  1\$aLacaita, Carlo G.,$eeditor.
=700  1\$aMartinelli, Alberto,$eeditor.
=830  \0$aStudi e ricerche storiche ;$v474.
=852  41$aBritish Library$bHMNTS$jYF.2023.a.18802
=856  41$3Table of contents only$uhttps://www.loc.gov/catdir/toc/cassalini18/4737708.pdf
=856  41$uhttp://digital.casalini.it/9788835122173
=CAT  \\$aCASALINI$b00$c20211021$lBLL01$h1128
=CAT  \\$aBATCH-UPD$b00$c20211021$lBLL01$h1129
=CAT  \\$aBATCH-UPD$b00$c20211021$lBLL01$h1130
=CAT  \\$a15066$b40$c20230807$lBLL01$h0820
=CAT  \\$a15066$b40$c20230807$lBLL01$h0821
=FIN  \\$aY$d20230807
=FMT  \\$a  BK
=LAS  \\$a15066$b40$c20230807$lBLL01$h0821
=SID  \\$aZ39$bOCLC
=SRC  \\$aCASALINI$b34TKH0a_20211017.mrc

