=LDR  02484cam a2200661 i 4500
=001  020367123
=003  Uk
=005  20211116104556.0
=008  210219s2021\\\\it\a\\\\\b\\\\000\0dita\d
=010  \\$a  2020493243
=016  7\$a9918250409006676$2DNLM
=020  \\$a9788835110972
=020  \\$a8835110971
=020  \\$a9788835122265$qpdf
=020  \\$a8835122260
=035  \\$a(OCoLC)1245965474
=040  \\$aItFiC$beng$cDLC$dC3L$dOCLCO$dOCLCF$dNLM$dUk$erda
=042  \\$aukblcatcopy
=043  \\$ae-it---
=050  00$aUH537.I8$bC665 2021
=060  00$aWA 1 GI8
=082  14$a940$214
=245  03$aIl corpo militare della CRI nella Grande Guerra /$ca cura di Ettore Calzolari, Costantino Cipolla.
=264  \1$aMilano, Italy :$bFrancoAngeli,$c[2021]
=300  \\$a321 pages :$billustrations ;$c23 cm.
=336  \\$atext$btxt$2rdacontent
=337  \\$aunmediated$bn$2rdamedia
=338  \\$avolume$bnc$2rdacarrier
=490  1\$aLaboratorio sociologico. Sociologia e storia della Croce rossa ;$v15
=504  \\$aIncludes bibliographical references.
=610  20$aCroce rossa italiana.$bCorpo militare$xHistory$y20th century.
=610  22$aCroce rossa italiana.$bCorpo militare.
=610  27$aCroce rossa italiana.$bCorpo militare.$2fast$0(OCoLC)fst00649516
=647  \7$aWorld War$d(1914-1918)$0(OCoLC)fst01180746$2fast
=648  \7$a1900-1999$2fast
=650  \0$aWorld War, 1914-1918$xWar work$xRed Cross.
=650  \0$aWorld War, 1914-1918$xMedical care$zItaly.
=650  12$aRed Cross$xhistory.
=650  22$aWorld War I.
=650  22$aHistory, 20th Century.
=650  \7$aMedical care.$2fast$0(OCoLC)fst01013753
=650  \7$aWar work$xRed Cross.$2fast$0(OCoLC)fst01355301
=651  \2$aItaly.
=651  \7$aItaly.$2fast$0(OCoLC)fst01204565
=655  \7$aHistory.$2fast$0(OCoLC)fst01411628
=700  1\$aCalzolari, Ettore,$eeditor.
=700  1\$aCipolla, Costantino,$eeditor.
=830  \0$aLaboratorio sociologico.$pSociologia e storia della Croce rossa ;$v15.
=852  41$aBritish Library$bHMNTS$jYF.2021.a.15331
=856  41$3Table of contents only$uhttps://www.loc.gov/catdir/toc/cassalini18/4788910.pdf
=856  41$uhttp://digital.casalini.it/9788835122265
=CAT  \\$aCASALINI$b00$c20211021$lBLL01$h1129
=CAT  \\$aBATCH-UPD$b00$c20211021$lBLL01$h1129
=CAT  \\$a11131$b40$c20211116$lBLL01$h1045
=FIN  \\$aY$d20211116
=FMT  \\$a  BK
=LAS  \\$a11131$b40$c20211116$lBLL01$h1045
=SID  \\$aZ39$bOCLC

