=LDR  02536cam a2200625 i 4500
=001  020367150
=003  Uk
=005  20230227132602.0
=008  210226e202105\\it\a\\\\\b\\\\001\idita\c
=010  \\$a2020493438  
=020  \\$a9788893595667
=020  \\$a8893595664
=020  \\$z9788893595674$qpdf
=020  \\$z8893595672
=035  \\$a(OCoLC)1260631762$z(OCoLC)1259517857
=040  \\$aItFiC$beng$cDLC$dC3L$dSTF$dOCLCF$dNARDE$dGUA$dTFW$dOCLCO$dPAU$dIXA$dNDD$erda
=042  \\$aukblderived
=043  \\$ae-it---
=050  00$aPQ4835.A18$bZ48 2021
=082  14$a853$214
=100  1\$aPalazzeschi, Aldo,$d1885-1974,$eauthor.
=245  10$aCarteggio :$b1949-1970 /$cAldo Palazzeschi - Mario Picchi ; a cura di Anna Grazia D'Oria.
=250  \\$aPrima edizione.
=264  \1$aRoma :$bEdizioni di storia e letteratura ;$aFirenze :$bUniversità degli studi di Firenze,$cmaggio 2021.
=300  \\$axxxviii, 206 pages :$billustrations ;$c24 cm.
=336  \\$atext$2rdacontent
=337  \\$aunmediated$2rdamedia
=338  \\$avolume$2rdacarrier
=490  1\$aCarte Palazzeschi
=504  \\$aIncludes bibliographical references and indexes.
=600  10$aPalazzeschi, Aldo,$d1885-1974$vCorrespondence.
=600  10$aPicchi, Mario$vCorrespondence.
=600  10$aPalazzeschi, Aldo,$d1885-1974$xCriticism and interpretation.
=600  17$aPalazzeschi, Aldo,$d1885-1974$2fast$0(OCoLC)fst00040009
=648  \7$a1900-1999$2fast
=650  \0$aAuthors, Italian$y20th century$vCorrespondence.
=650  \6$aÉcrivains italiens$y20e siècle$vCorrespondance.
=650  \7$aAuthors, Italian.$2fast$0(OCoLC)fst00822127
=655  \7$aCriticism, interpretation, etc.$2fast$0(OCoLC)fst01411635
=655  \7$aPersonal correspondence.$2fast$0(OCoLC)fst01919948
=655  \7$aPersonal correspondence.$2lcgft
=700  1\$aD'Oria, Anna Grazia,$eeditor.
=700  12$aPalazzeschi, Aldo,$d1885-1974.$tCorrespondence.$kSelections.
=700  12$aPicchi, Mario.$tCorrespondence.$kSelections.
=710  2\$aUniversità di Firenze,$eissuing body.
=830  \0$aCarte Palazzeschi.
=852  41$aBritish Library$bHMNTS$jYF.2023.a.15629
=856  41$3Table of contents only$uhttps://www.loc.gov/catdir/toc/cassalini18/4797120.pdf
=856  41$uhttp://digital.casalini.it/9788893595674
=CAT  \\$aBATCH-WEL$b00$c20230227$lBLL01$h1325
=CAT  \\$aBATCH-UPD$b00$c20230227$lBLL01$h1333
=FIN  \\$aY$d20230227
=FMT  \\$a  BK
=LAS  \\$aBATCH-UPD$b00$c20230227$lBLL01$h1333
=SRC  \\$aOCLC$bOCLChits2301.lex

