=LDR  02308cam a2200613 i 4500
=001  020368860
=003  Uk
=005  20230808075441.0
=008  210326s2021\\\\it\a\\\\\b\\\\001\0dita\d
=010  \\$a  2020493472
=020  \\$a9788895844947
=020  \\$a8895844947
=035  \\$a(OCoLC)1267434119
=040  \\$aItFiC$beng$cDLC$dZCU$dOCLCF$dC3L$dOCLCO$erda
=042  \\$aukblcatcopy
=043  \\$ae-it---
=050  \4$aND
=050  00$aND618.5.F8$bC36 2021
=082  14$a759$214
=100  1\$aCammarota, M. D.$q(M. Domenico),$eauthor,$einterviewer.
=245  10$aCon Crali il futurista :$bcronache del movimento futurista, 1909-1992 /$cDomenico Cammarota ; introduzione di Anna Crali.
=250  \\$aPrima edizione.
=264  \1$aMacerata :$bBiblohaus,$c[2021]
=300  \\$axvii, 276 pages :$b1 illustration ;$c21 cm
=336  \\$atext$btxt$2rdacontent
=337  \\$aunmediated$bn$2rdamedia
=338  \\$avolume$bnc$2rdacarrier
=504  \\$aIncludes bibliographical references (pages 259-261) and index.
=600  10$aCrali, Tullio,$d1910-2000$vInterviews.
=600  17$aCrali, Tullio,$d1910-2000$2fast$0(OCoLC)fst00230950
=648  \7$a1900-1999$2fast
=650  \0$aFuturism (Art)$zItaly.
=650  \0$aPainting, Italian$y20th century.
=650  \0$aPainters$zItaly$vInterviews.
=650  \6$aFuturisme (Art)$zItalie.
=650  \6$aPeinture italienne$y20e siècle.
=650  \7$aFuturism (Art)$2fast$0(OCoLC)fst00936780
=650  \7$aPainters.$2fast$0(OCoLC)fst01050530
=650  \7$aPainting, Italian.$2fast$0(OCoLC)fst01050910
=651  \7$aItaly.$2fast$0(OCoLC)fst01204565
=655  \7$aInterviews.$2fast$0(OCoLC)fst01423832
=700  1\$aCrali, Tullio,$d1910-2000,$einterviewee.
=787  0\$tAeromusiche d'alfabeto in libertà.$w()4897545
=852  41$aBritish Library$bHMNTS$jYF.2023.a.18871
=856  41$3Table of contents only$uhttps://www.loc.gov/catdir/toc/cassalini18/4833242.pdf
=856  41$uhttp://digital.casalini.it/9788895844947
=CAT  \\$aCASALINI$b00$c20211025$lBLL01$h2020
=CAT  \\$aBATCH-UPD$b00$c20211025$lBLL01$h2020
=CAT  \\$a15066$b40$c20230808$lBLL01$h0754
=FIN  \\$aY$d20230808
=FMT  \\$a  BK
=LAS  \\$a15066$b40$c20230808$lBLL01$h0754
=SID  \\$aZ39$bOCLC
=SRC  \\$aCASALINI$b34TKH0a_20211024.mrc

