=LDR  02642cam a2200649 i 4500
=001  020368900
=003  Uk
=005  20230807081637.0
=008  200904s2021\\\\it\\\\\\\b\\\\001\0\ita\d
=010  \\$a  2020493655
=020  \\$a9788833134871
=020  \\$a8833134873
=020  \\$a9788833136905$qpdf
=020  \\$a8833136906
=035  \\$a(OCoLC)1261730571
=040  \\$aItFiC$beng$cDLC$dC3L$dZCU$dSTF$dOCLCF$dOCLCO$dOCL$erda
=042  \\$aukblcatcopy
=043  \\$ae-it---
=050  \4$aD
=050  00$aD802.I82$bV46358 2021
=082  14$a945$214
=100  1\$aSantagata, Alessandro,$eauthor.
=245  14$aUna violenza "incolpevole" :$bretoriche e pratiche dei cattolici nella Resistenza veneta /$cAlessandro Santagata.
=250  \\$aPrima edizione.
=264  \1$aRoma :$bViella,$cgiugno 2021.
=300  \\$a324 pages ;$c21 cm.
=336  \\$atext$btxt$2rdacontent
=337  \\$aunmediated$bn$2rdamedia
=338  \\$avolume$bnc$2rdacarrier
=490  0\$aCollana dell'Istituto nazionale Ferruccio Parri ;$v3
=504  \\$aIncludes bibliographical references and index.
=647  \7$aWorld War$d(1939-1945)$0(OCoLC)fst01180924$2fast
=648  \7$a1900-1999$2fast
=650  \0$aWorld War, 1939-1945$xUnderground movements$zItaly$zVeneto.
=650  \0$aWorld War, 1939-1945$xReligious aspects$xCatholic Church.
=650  \0$aCatholics$xPolitical activity$zItaly$zVeneto$xHistory$y20th century.
=650  \6$aGuerre mondiale, 1939-1945$xMouvements de résistance$zItalie$zVénétie.
=650  \6$aGuerre mondiale, 1939-1945$xAspect religieux$xÉglise catholique.
=650  \6$aCatholiques$xActivité politique$zItalie$zVénétie$xHistoire$y20e siècle.
=650  \7$aCatholics$xPolitical activity.$2fast$0(OCoLC)fst00849319
=650  \7$aWar$xUnderground movements.$2fast$0(OCoLC)fst01355184
=650  \7$aWar$xReligious aspects.$2fast$0(OCoLC)fst01170374
=651  \0$aVeneto (Italy)$xHistory$y20th century.
=651  \6$aVénétie (Italie)$xHistoire$y20e siècle.
=651  \7$aItaly$zVeneto.$2fast$0(OCoLC)fst01205153
=655  \7$aHistory.$2fast$0(OCoLC)fst01411628
=852  41$aBritish Library$bHMNTS$jYF.2023.a.18803
=856  41$3Table of contents only$uhttps://www.loc.gov/catdir/toc/cassalini18/4688039.pdf
=856  41$uhttp://digital.casalini.it/9788833136905
=CAT  \\$aCASALINI$b00$c20211025$lBLL01$h2020
=CAT  \\$aBATCH-UPD$b00$c20211025$lBLL01$h2020
=CAT  \\$a15066$b40$c20230807$lBLL01$h0816
=FIN  \\$aY$d20230807
=FMT  \\$a  BK
=LAS  \\$a15066$b40$c20230807$lBLL01$h0816
=SID  \\$aZ39$bOCLC
=SRC  \\$aCASALINI$b34TKH0a_20211024.mrc

