=LDR  02322cam a2200601 i 4500
=001  020385529
=003  Uk
=005  20230714221126.0
=008  210120s2021\\\\it\a\\\\\b\\\\000\0\ita\d
=010  \\$a2020493697  
=020  \\$a9788878859234
=020  \\$a8878859230
=035  \\$a(OCoLC)1268473536
=040  \\$aItFiC$beng$cDLC$dZCU$dOCLCF$dPAU$dC3L$dOCLCQ$dOCLCO$dDEBBG$erda
=042  \\$aukblderived
=043  \\$ae-it---
=050  00$aHQ1645.T74$bB45 2021
=082  14$a305$214
=084  \\$aHIST$qDE-12$2fid
=100  1\$aBellè, Elisa,$eauthor.
=245  12$aL'altra rivoluzione :$bdal Sessantotto al femminismo /$cElisa Bellè ; introduzione di Silvia Gherardi.
=250  \\$aPrima edizione italiana.
=264  \1$a[Turin] :$bRosenberg & Sellier,$cgiugno 2021.
=300  \\$a227 pages :$billustrations ;$c21 cm
=336  \\$atext$2rdacontent
=337  \\$aunmediated$2rdamedia
=338  \\$avolume$2rdacarrier
=490  1\$aQuestioni di genere,$x2533-2600
=504  \\$aIncludes bibliographical references (pages 221-227).
=648  \7$a1900-1999$2fast
=650  \0$aFeminism$zItaly$zTrento$xHistory$y20th century.
=650  \0$aWomen$xPolitical activity$zItaly$zTrento$xHistory$y20th century.
=650  \6$aFéminisme$zItalie$zTrente$xHistoire$y20e siècle.
=650  \6$aFemmes$xActivité politique$zItalie$zTrente$xHistoire$y20e siècle.
=650  \7$aFeminism.$2fast$0(OCoLC)fst00922671
=650  \7$aWomen$xPolitical activity.$2fast$0(OCoLC)fst01734136
=650  07$aFrauenbewegung.$0(DE-588)4071428-7$2gnd
=650  07$aFeminismus.$0(DE-588)4222126-2$2gnd
=651  \7$aItaly$zTrento.$2fast$0(OCoLC)fst01206266
=651  \7$aTrient.$0(DE-588)4078405-8$2gnd
=655  \7$aHistory.$2fast$0(OCoLC)fst01411628
=690  7\$aSocial Welfare$2blcoll
=830  \0$aQuestioni di genere.
=852  41$aBritish Library$bHMNTS$jYF.2023.a.15497
=856  41$3Table of contents$uhttps://www.loc.gov/catdir/toc/cassalini18/4760212.pdf
=856  41$uhttp://digital.casalini.it/9788878859241
=CAT  \\$aBATCH-WEL$b00$c20230227$lBLL01$h1325
=CAT  \\$aBATCH-UPD$b00$c20230227$lBLL01$h1334
=CAT  \\$aBATCH-SWP$c20230714$lBLL01$h2211
=FIN  \\$aY$d20230227
=FMT  \\$a  BK
=LAS  \\$aBATCH-SWP$b00$c20230714$lBLL01$h2211
=SRC  \\$aOCLC$bOCLChits2301.lex

