=LDR  03437cam a2200577 i 4500
=001  020406467
=003  Uk
=005  20230724141205.0
=008  210809s2021\\\\it\\\\\\\b\\\\001\e\ita\d
=010  \\$a2020494215  
=020  \\$a9788861561946$qpaperback
=020  \\$a8861561942$qpaperback
=035  \\$a(OCoLC)1267344910
=040  \\$aItFiC$beng$cDLC$dSTF$dC3L$dIND$dOCLCF$dGZM$dQGJ$dOCLCO$dNUI$dJHE$dQGJ$dIXA$dOCL$erda
=042  \\$aukblderived
=050  00$aPQ4835.A48$bZ726 2021
=082  14$a852$214
=100  1\$aKatsantonis, Georgios,$eauthor.$4aut
=245  10$aAnatomia del potere :$bOrgia, Porcile, Calderón : Pasolini drammaturgo vs Pasolini filosofo /$cGeorgios Katsantonis.
=264  \1$aPesaro :$bMetauro,$c2021.
=300  \\$a298 pages ;$c20 cm
=336  \\$atext$2rdacontent
=337  \\$aunmediated$2rdamedia
=338  \\$avolume$2rdacarrier
=490  1\$aEssai ;$v13
=504  \\$aIncludes bibliographical references and index.
=520  3\$a"L'attraversamento del corpo nel teatro di Pasolini presenta una caratterizzazione in più rispetto agli altri linguaggi: la 'parola' e il 'corpo' sono di fatto una coppia sinonimica. Il nodo tematico, problematico e critico, non è tanto definire la centralità del corpo nel teatro di Pasolini, quanto capire come essa si esprima e quali segni emetta. Georgios Katsantonis elegge un canone breve ma esatto, comprendente tre testi che riguardano 'il corpo in preda al desiderio sadomasochistico (Orgia), il corpo con la sua viscerale motivazione erotica che sconfina nella zooerastia (Porcile), il corpo imprigionato, tra scissione e visionarietà (Calderón)'".--$cBack cover.
=520  3\$a"Tali scavi monografici tengono comunque conto del complessivo macrotesto pasoliniano e inoltre si rifanno a vari riferimenti comparatistici: Sade, Spinoza, Goffman, Calderón de la Barca, Strindberg, nonché alle teorie tardonovecentesche sul 'divenire animale.' Lo scopo di questo saggio è· di far risaltare la concezione filosofica e l'impegno politico che si nascondono dietro le drammaturgie pasoliniane, per vedere fino a che punto i connotati di quei poteri sono riconducibili al nostro mondo contemporaneo."--$cTesto dell'editore.
=600  10$aPasolini, Pier Paolo,$d1922-1975$xCriticism and interpretation.
=600  17$aPasolini, Pier Paolo,$d1922-1975$2fast$0(OCoLC)fst00034620
=648  \7$a1900-1999$2fast
=650  \0$aLiterature$xPhilosophy$xHistory$y20th century.
=650  \0$aItalian drama$y20th century$xHistory.
=650  \7$aLiterature$xPhilosophy.$2fast$0(OCoLC)fst01000005
=650  \7$aItalian drama.$2fast$0(OCoLC)fst00980456
=655  \7$aLiterary criticism.$2fast$0(OCoLC)fst01986215
=655  \7$aHistory.$2fast$0(OCoLC)fst01411628
=655  \7$aEssays.$2fast$0(OCoLC)fst01919922
=655  \7$aCriticism, interpretation, etc.$2fast$0(OCoLC)fst01411635
=655  \7$aLiterary criticism.$2lcgft
=655  \7$aEssays.$2lcgft
=830  \0$aEssai (Pesaro, Italy) ;$v13.
=852  41$aBritish Library$bHMNTS$jYF.2023.a.21920
=856  41$3Table of contents only$uhttps://www.loc.gov/catdir/toc/cassalini18/4962665.pdf
=856  41$uhttp://digital.casalini.it/9788861561946
=CAT  \\$aBATCH-WEL$b00$c20230724$lBLL01$h1411
=CAT  \\$aBATCH-UPD$b00$c20230724$lBLL01$h1413
=FIN  \\$aY$d20230724
=FMT  \\$a  BK
=LAS  \\$aBATCH-UPD$b00$c20230724$lBLL01$h1413
=SRC  \\$aOCLC$bOCLChits2307.lex

