=LDR  02052cam a2200577 i 4500
=001  020406470
=003  Uk
=005  20230714221126.0
=008  201102s2020\\\\it\\\\\\\b\\\\001\0\ita\d
=010  \\$a2020494065  
=020  \\$a9788868229306
=020  \\$a8868229307
=035  \\$a(OCoLC)1225202135
=040  \\$aItFiC$beng$cDLC$dNDD$dOCLCF$dQGJ$dC3L$dOCLCO$erda
=042  \\$aukblderived
=043  \\$as-ag---$ae-it---
=050  00$aF3021.I8$bB45 2020
=082  14$a305$214
=100  1\$aBertagna, Federica,$eauthor.
=240  10$aEssays.$kSelections
=245  10$aItaliani in Argentina, ieri e oggi /$cFederica Bertagna.
=264  \1$aCosenza - Italy :$bLuigi Pellegrini editore,$c[2020]
=300  \\$a142 pages ;$c22 cm.
=336  \\$atext$2rdacontent
=337  \\$aunmediated$2rdamedia
=338  \\$avolume$2rdacarrier
=490  1\$aSenzaconfini
=504  \\$aIncludes bibliographical references and index.
=648  \7$a1900-2099$2fast
=650  \0$aItalians$zArgentina$xHistory.
=650  \6$aItaliens$zArgentine$xHistoire.
=650  \7$aCivilization$xItalian influences.$2fast$0(OCoLC)fst00862926
=650  \7$aItalians.$2fast$0(OCoLC)fst00980750
=651  \0$aItaly$xEmigration and immigration$xHistory.
=651  \0$aArgentina$xEmigration and immigration$xHistory.
=651  \0$aItaly$xRelations$zArgentina.
=651  \0$aArgentina$xRelations$zItaly.
=651  \7$aArgentina.$2fast$0(OCoLC)fst01205614
=655  \7$aHistory.$2fast$0(OCoLC)fst01411628
=690  7\$aSocial Welfare$2blcoll
=830  \0$aSenza confini.
=852  41$aBritish Library$bHMNTS$jYF.2023.a.15441
=856  41$3Table of contents only$uhttps://www.loc.gov/catdir/toc/cassalini18/4713717.pdf
=856  41$uhttp://digital.casalini.it/9788868229306
=CAT  \\$aBATCH-WEL$b00$c20230227$lBLL01$h1325
=CAT  \\$aBATCH-UPD$b00$c20230227$lBLL01$h1328
=CAT  \\$aBATCH-SWP$c20230714$lBLL01$h2211
=FIN  \\$aY$d20230227
=FMT  \\$a  BK
=LAS  \\$aBATCH-SWP$b00$c20230714$lBLL01$h2211
=SRC  \\$aOCLC$bOCLChits2301.lex

