=LDR  02608cam a2200589 i 4500
=001  020406484
=003  Uk
=005  20230724141205.0
=008  210326t20212021it\\\\\\\b\\\\001\0\ita\d
=010  \\$a2020494111  
=020  \\$a9788893500753
=020  \\$a8893500752
=035  \\$a(OCoLC)1268140912$z(OCoLC)1288463380$z(OCoLC)1288561010$z(OCoLC)1288637791$z(OCoLC)1288672106
=040  \\$aItFiC$beng$cDLC$dC3L$dOCLCF$dORU$dGZM$dYDX$dWAU$dJHE$dNARDE$dOCLCO$dUBY$erda
=042  \\$aukblderived
=050  00$aPQ4391.F85$bA43 2021
=082  14$a800
=100  1\$aAlbi, Veronica,$eauthor.
=245  10$aSotto il manto delle favole :$bla ricezione di Fulgenzio nelle opere di Dante e negli antichi commenti alla Commedia /$cVeronica Albi.
=246  30$aRicezione di Fulgenzio nelle opere di Dante e negli antichi commenti alla Commedia
=264  \1$aRavenna :$bLongo editore,$c[2021]
=264  \4$c©2021
=300  \\$a252 pages ;$c23 cm.
=336  \\$atext$2rdacontent
=337  \\$aunmediated$2rdamedia
=338  \\$avolume$2rdacarrier
=490  1\$aMemoria del tempo ;$v73
=504  \\$aIncludes bibliographical references (pages 202-231) and indexes.
=600  00$aDante Alighieri,$d1265-1321$xSources.
=600  00$aDante Alighieri,$d1265-1321.$tDivina commedia.
=600  00$aDante Alighieri,$d1265-1321.$tConvivio.
=600  00$aDante Alighieri,$d1265-1321$xCriticism and interpretation$xHistory$yTo 1500.
=600  00$aFulgentius,$cSaint, Bishop of Ruspa,$d468-533$xInfluence.
=600  07$aDante Alighieri,$d1265-1321$2fast$0(OCoLC)fst00029097
=600  07$aFulgentius,$cSaint, Bishop of Ruspa,$d468-533$2fast$0(OCoLC)fst00197603
=630  07$aConvivio (Dante Alighieri)$2fast$0(OCoLC)fst01357562
=630  07$aDivina commedia (Dante Alighieri)$2fast$0(OCoLC)fst01356246
=648  \7$aTo 1500$2fast
=650  \7$aInfluence (Literary, artistic, etc.)$2fast$0(OCoLC)fst00972484
=653  1\$aClassical Philology and Literature$aLiterature & rhetoric
=655  \7$aCriticism, interpretation, etc.$2fast$0(OCoLC)fst01411635
=655  \7$aSources.$2fast$0(OCoLC)fst01423900
=830  \0$aMemoria del tempo (Longo editore) ;$v73.
=852  41$aBritish Library$bHMNTS$jYF.2023.a.21943
=856  41$3Table of contents only$uhttps://www.loc.gov/catdir/toc/cassalini18/4833469.pdf
=856  41$uhttp://digital.casalini.it/9788893500753
=CAT  \\$aBATCH-WEL$b00$c20230724$lBLL01$h1411
=CAT  \\$aBATCH-UPD$b00$c20230724$lBLL01$h1413
=FIN  \\$aY$d20230724
=FMT  \\$a  BK
=LAS  \\$aBATCH-UPD$b00$c20230724$lBLL01$h1413
=SRC  \\$aOCLC$bOCLChits2307.lex

