=LDR  03050 am a2200505 i 4500
=001  018850387
=003  Uk
=005  20180709155138.0
=008  150225t20152015it\\\\\\\b\\\\101\0\ita\d
=010  \\$a2015388241  
=020  \\$a9788880638117$q(paperback)
=020  \\$a8880638114$q(paperback)
=035  \\$a(OCoLC)905552447$z(OCoLC)951103373
=040  \\$aItFiC$beng$cDLC$dC3L$dCOO$dOCLCF$dIUL$dCHVBK$dFDA$dOCLCQ$dOCLCO$dOCLCA$dERD$erda
=041  0\$aita$afre
=042  \\$aukblderived
=050  00$aPQ4310.C4$bC66 2015
=082  00$a851/.1$223
=245  03$aIl Convivio di Dante /$ca cura di Johannes Bartuschat e Andrea Aldo Robiglio.
=264  \1$aRavenna :$bLongo editore,$c[2015]
=264  \4$c©2015
=300  \\$a228 pages ;$c23 cm.
=336  \\$atext$2rdacontent
=337  \\$aunmediated$2rdamedia
=338  \\$avolume$2rdacarrier
=490  1\$aMemoria del tempo ;$v44
=500  \\$aProceedings of the conference held in Zurich, Switzerland, May 21-22, 2012.
=504  \\$aIncludes bibliographical references and index.
=505  00$gPremessa /$rJohannes Bartuschat, Andrea Aldo Robiglio --$tAnima, spirito, nobilitade :$tbricole linguistiche dal Convivio /$rNunzio La Fauci --$tLa "filosofia" di Brunetto Latini e il Convivio /$rJohannes Bartuschat --$t"Amor che nella mente mi ragiona" :$ttra stilnovo, Convivio e Purgatorio /$rPaolo Borsa --$tDal Convivio al De vulgari eloquentia :$tappunti di lettura /$rEnrico Fenzi --$tDu vulgaire illustre, le "plus noble de tous" :$tà la noblesse du 4e livre du Convivio /$rIrène Rosier-Catach --$tI Romani virtuosi del Convivio :$tlettori e modalità di lettura del De civitate Dei di Agostino nei primi anni del Trecento /$rElisa Brilli --$tLa nobiltà spiegata ai nobili :$tuna nuova funzione della filosofia /$rGianfranco Fioravanti --$tLa dottrina delle intelligenze separate come "puri atti" in Dante (Convivio II 4, Paradiso XXIX, Monarchia I 3) /$rPaolo Falzone --$tLa nobiltà di spada in Dante :$tun appunto su Convivio IV xiv 11 /$rAndrea Aldo Robiglio --$tLa "conoscenza delle api per lo frutto" (Conv. IV xvii 12) :$tosservazioni intorno a una congettura poco argomentata /$rThomas Ricklin.
=600  00$aDante Alighieri,$d1265-1321.$tConvivio$vCongresses.
=600  07$aDante$cAlighieri$d1265-1321$tIl convivio$2gnd
=630  07$aConvivio (Dante Alighieri)$2fast$0(OCoLC)fst01357562
=655  \7$aConference papers and proceedings.$2fast$0(OCoLC)fst01423772
=700  1\$aBartuschat, Johannes,$d1966-$eeditor.
=700  1\$aRobiglio, Andrea A.,$d1972-$eeditor.
=830  \0$aMemoria del tempo (Longo editore) ;$v44.
=852  41$aBritish Library$bHMNTS$jYF.2018.a.20076
=856  41$3Table of contents$uhttp://catdir.loc.gov/catdir/toc/casalini13/3021868.pdf
=856  41$uhttp://digital.casalini.it/9788880638117
=CAT  \\$aBATCH-WEL$b00$c20180709$lBLL01$h1551
=CAT  \\$aBATCH-UPD$b00$c20180709$lBLL01$h1551
=FIN  \\$aY$d20180709
=FMT  \\$a  BK
=LAS  \\$aBATCH-UPD$b00$c20180709$lBLL01$h1551
=SRC  \\$aOCLC$bOCLChits0418.lex

