=LDR  02836cam a2200709 i 4500
=001  019467086
=003  Uk
=005  20230531115004.0
=008  190226s2018\\\\it\a\\\\\b\\\\100\0\ita\d
=010  \\$a  2018491298
=020  \\$a9788869955396
=020  \\$a8869955397
=035  \\$a(OCoLC)1101274163
=040  \\$aItFiC$beng$cDLC$dOCLCF$dOCLCO$dOCL$dOCLCO$dC3L$erda
=042  \\$aukblcatcopy
=043  \\$ae
=045  \\$ax0x4
=050  \4$aD
=050  00$aD639.S2$bS358 2017
=082  14$a940$214
=111  2\$aScienza, tecnica e Grande Guerra, realtà e immaginari (Conference)$d(2017 :$cFlorence, Italy)
=245  10$aScienza, tecnica e Grande Guerra :$brealtà e immaginari /$ca cura di Federico Mazzini.
=264  \1$aOspedaletto (Pisa) :$bPacini editore,$c[2018]
=300  \\$a151 pages :$billustrations ;$c21 cm.
=336  \\$atext$btxt$2rdacontent
=337  \\$aunmediated$bn$2rdamedia
=338  \\$avolume$bnc$2rdacarrier
=490  0\$aContemporary ;$v1
=490  0\$aSaggistica
=500  \\$aProceedings of the conference held in Florence, Italy, October 18-19, 2017.
=504  \\$aIncludes bibliographical references.
=647  \7$aWorld War$d(1914-1918)$0(OCoLC)fst01180746$2fast
=648  \7$a1900-1999$2fast
=650  \0$aWorld War, 1914-1918$xTechnology$vCongresses.
=650  \0$aWorld War, 1914-1918$xScience$vCongresses.
=650  \0$aTechnology$xHistory$y20th century$vCongresses.
=650  \0$aScience$xHistory$y20th century$vCongresses.
=650  \0$aMass media and technology$vCongresses.
=650  \0$aScience in mass media$vCongresses.
=650  \6$aGuerre mondiale, 1914-1918$xTechnologie$vCongrès.
=650  \6$aGuerre mondiale, 1914-1918$xSciences$vCongrès.
=650  \6$aTechnologie$xHistoire$y20e siècle$vCongrès.
=650  \6$aSciences$xHistoire$y20e siècle$vCongrès.
=650  \6$aMédias et technologie$vCongrès.
=650  \6$aSciences dans les médias$vCongrès.
=650  \7$aMass media and technology.$2fast$0(OCoLC)fst01011370
=650  \7$aScience.$2fast$0(OCoLC)fst01108176
=650  \7$aScience in mass media.$2fast$0(OCoLC)fst01108732
=650  \7$aTechnology.$2fast$0(OCoLC)fst01145078
=655  \7$aConference papers and proceedings.$2fast$0(OCoLC)fst01423772
=655  \7$aHistory.$2fast$0(OCoLC)fst01411628
=700  1\$aMazzini, Federico,$eeditor.
=852  41$aBritish Library$bHMNTS$jYF.2023.a.12524
=856  41$3Table of contents only$uhttp://catdir.loc.gov/catdir/toc/casalini17/4451848.pdf
=856  41$uhttp://digital.casalini.it/9788869955396
=CAT  \\$aCASALINI$b00$c20190713$lBLL01$h1711
=CAT  \\$a15066$b40$c20230531$lBLL01$h1150
=FIN  \\$aY$d20230531
=FMT  \\$a  BK
=LAS  \\$a15066$b40$c20230531$lBLL01$h1150
=SID  \\$aZ39$bOCLC
=SRC  \\$aCASALINI$b34TKH0a_20190712.mrc

