=LDR  02773cam a2200505 i 4500
=001  019675060
=003  Uk
=005  20220530163139.0
=008  190712s2019\\\\it\a\\\\\b\\\\000\0dita\d
=010  \\$a2019405328  
=020  \\$a9788885629486
=020  \\$a8885629482
=035  \\$a(OCoLC)1128028650
=040  \\$aItFiC$beng$cDLC$dOCLCO$dOCLCF$dBDF$dERASA$dC3L$erda
=041  0\$aita$afre
=042  \\$aukblderived
=050  00$aNA1053.V7$bE92 2019
=082  14$a700.9$223
=245  00$aEugène Emmanuel Viollet-le-Duc :$bcontributi per una rilettura degli scritti e delle opere (1814-2014) /$ca cura di Emanuele Romeo.
=250  \\$aI edizione.
=264  \1$aRoma :$bWriteUp Site,$cmaggio 2019.
=300  \\$a360 pages :$billustrations (chiefly color) ;$c20 x 24 cm.
=336  \\$atext$2rdacontent
=337  \\$aunmediated$2rdamedia
=338  \\$avolume$2rdacarrier
=490  0\$aCultural heritage ;$v10
=504  \\$aBibliography of Eugène-Emmanuel Viollet-le-Duc's works: pages 333-360.
=504  \\$aIncludes bibliographical references.
=520  8\$aIl volume contribuisce alla "rivalutazione" del pensiero e dell'opera del restauratore francese. Un doveroso omaggio a Viollet-le-Duc, per rivedere, grazie a una maggiore consapevolezza e ricchezza di materiali, la figura di studioso e di architetto, con la finalità di porre in evidenza aspetti poco noti o addirittura inediti della sua personalità che emerge maggiormente nelle sue battaglie politiche e sociali; nella sua professionalità nel campo del restauro e della conservazione del patrimonio non solo medievale; nella sua capacità di influenzare la formazione di molti suoi contemporanei lasciando un'eredità solida a quanti, a distanza di anni, seppero tradurre i suoi studi e le sue intuizioni in soluzioni formali e tecnologiche innovative e rivoluzionarie.
=546  \\$aTexts in Italian and French.
=600  10$aViollet-le-Duc, Eugène-Emmanuel,$d1814-1879$xCriticism and interpretation.
=600  17$aViollet-le-Duc, Eugène-Emmanuel,$d1814-1879$2fast$0(OCoLC)fst00018557
=600  17$aViollet-le-Duc, Eugène-Emmanuel,$d1814-1879$0(FrPBN)11928502$2ram
=655  \7$aCriticism, interpretation, etc.$2fast$0(OCoLC)fst01411635
=700  1\$aRomeo, Emanuele,$eeditor.
=852  41$aBritish Library$bHMNTS$jYF.2022.a.16429
=856  41$3Table of contents only$uhttps://www.loc.gov/catdir/toc/cassalini18/4521426.pdf
=856  41$uhttp://digital.casalini.it/9788885629486
=856  4\$uhttp://dx.medra.org/10.1400/281464 {dollar}xNBN
=CAT  \\$aBATCH-WEL$b00$c20220530$lBLL01$h1630
=CAT  \\$aBATCH-UPD$b00$c20220530$lBLL01$h1637
=FIN  \\$aY$d20220530
=FMT  \\$a  BK
=LAS  \\$aBATCH-UPD$b00$c20220530$lBLL01$h1637
=SRC  \\$aOCLC$bOCLChits2205.lex

