=LDR  01960cam a2200529 i 4500
=001  020584538
=003  Uk
=005  20220801140846.0
=008  220120s2021\\\\it\a\\\\\bc\\\001\0\ita\d
=010  \\$a  2021417717
=020  \\$a9788833138558
=020  \\$a8833138550
=020  \\$a9788833139494$qpdf
=020  \\$a8833139492
=035  \\$a(OCoLC)1303269217$z(OCoLC)1298591993
=040  \\$aItFiC$beng$cDLC$dZCU$dOCLCF$dYDX$dC3L$dZCU$dUk$erda
=042  \\$aukblderived
=043  \\$ae-it---
=050  00$aZ240.A1$bI48562 2021
=245  00$aIncunaboli a Cagliari /$cBianca Fadda [and five others] ; il coordinamento e la supervisione sono di Bianca Fadda e Marco Palma.
=250  \\$aPrima edizione.
=264  \1$aRoma :$bViella,$cdicembre 2021.
=300  \\$a488 pages :$billustrations ;$c24 cm.
=336  \\$atext$btxt$2rdacontent
=337  \\$aunmediated$bn$2rdamedia
=338  \\$avolume$bnc$2rdacarrier
=490  0\$aIncunaboli ;$v5
=504  \\$aIncludes bibliographical references (pages 391-412) and indexes.
=530  \\$aAlso issued online.
=650  \0$aIncunabula$zItaly$zCagliari$vBibliography$vCatalogs.
=650  \7$aIncunabula.$2fast$0(OCoLC)fst00968842
=651  \7$aItaly$zCagliari.$2fast$0(OCoLC)fst01204532
=655  \7$aBibliographies.$2fast$0(OCoLC)fst01919895
=655  \7$aCatalogs.$2fast$0(OCoLC)fst01423692
=700  1\$aFadda, Bianca,$d1953-$eeditor.
=700  1\$aPalma, Marco,$eeditor.
=852  41$aBritish Library$bHMNTS$jYF.2022.a.16677
=856  41$3Table of contents only$uhttps://www.loc.gov/catdir/toc/cassalini19/5113831.pdf
=856  41$uhttp://digital.casalini.it/9788833139494
=CAT  \\$aCASALINI$b00$c20220516$lBLL01$h2022
=CAT  \\$aBATCH-UPD$b00$c20220516$lBLL01$h2022
=CAT  \\$a15989$b40$c20220727$lBLL01$h1440
=CAT  \\$a10904$b40$c20220801$lBLL01$h1408
=FIN  \\$aY$d20220727
=FMT  \\$a  BK
=LAS  \\$a10904$b40$c20220801$lBLL01$h1408
=SID  \\$aZ39$bOCLC

