=LDR  02755cam a2200625 i 4500
=001  020584552
=003  Uk
=005  20220801112424.0
=008  211015s2021\\\\it\a\\\\\bc\\\001\0dita\d
=010  \\$a  2021417721
=020  \\$a9788868574314
=020  \\$a8868574314
=035  \\$a(OCoLC)1303268886$z(OCoLC)1281113963
=040  \\$aItFiC$beng$cDLC$dZCU$dOCLCF$dC3L$dUk$erda
=042  \\$aukblderived
=043  \\$ae-it---
=050  00$aZ8215$b.C69 2021$aPQ4390
=245  03$aLa collezione dantesca di Carlo Negroni a Novara :$bcatalogo delle edizioni dei secoli XV-XVII /$ca cura di Valentina Zanon.
=264  \1$aNovara :$bInterlinea,$c[2021]
=300  \\$a98 pages :$billustrations ;$c24 cm.
=336  \\$atext$btxt$2rdacontent
=337  \\$aunmediated$bn$2rdamedia
=338  \\$avolume$bnc$2rdacarrier
=490  0\$aStudi storici ;$v85.$aSerie Studi della Biblioteca Negroni di Novara ;$v6
=500  \\$aCatalog of an exhibition held at the Biblioteca civica Negroni, Novara, Italy, October 11-November 27, 2021.
=504  \\$aIncludes bibliographical references and indexes.
=600  00$aDante Alighieri,$d1265-1321$vBibliography$vExhibitions.
=600  10$aNegroni, Carlo,$d1819-1896$xLibrary$vExhibitions.
=600  07$aDante Alighieri,$d1265-1321$2fast$0(OCoLC)fst00029097
=600  17$aNegroni, Carlo,$d1819-1896$2fast$0(OCoLC)fst00205786
=610  20$aBiblioteca civica Negroni (Novara, Italy)$vExhibitions.
=610  27$aBiblioteca civica Negroni (Novara, Italy)$2fast$0(OCoLC)fst01589388
=650  \0$aIncunabula$zItaly$zNovara$vBibliography$vExhibitions.
=650  \0$aEarly printed books$zItaly$zNovara$vBibliography$vExhibitions.
=650  \7$aEarly printed books.$2fast$0(OCoLC)fst00900645
=650  \7$aIncunabula.$2fast$0(OCoLC)fst00968842
=650  \7$aLibraries.$2fast$0(OCoLC)fst00997341
=651  \7$aItaly$zNovara.$2fast$0(OCoLC)fst01204573
=655  \7$aBibliographies.$2fast$0(OCoLC)fst01919895
=655  \7$aExhibition catalogs.$2fast$0(OCoLC)fst01424028
=700  1\$aZanon, Valentina,$eeditor.
=710  2\$aBiblioteca civica Negroni (Novara, Italy),$ehost institution.
=852  41$aBritish Library$bHMNTS$jYF.2022.a.16651
=856  41$3Table of contents only$uhttps://www.loc.gov/catdir/toc/cassalini19/5038398.pdf
=856  41$uhttp://digital.casalini.it/9788868574314
=CAT  \\$aCASALINI$b00$c20220516$lBLL01$h2022
=CAT  \\$aBATCH-UPD$b00$c20220516$lBLL01$h2022
=CAT  \\$a15989$b40$c20220729$lBLL01$h1449
=CAT  \\$a15989$b40$c20220729$lBLL01$h1450
=CAT  \\$a15989$b40$c20220729$lBLL01$h1452
=CAT  \\$a15989$b40$c20220801$lBLL01$h1124
=FIN  \\$aY$d20220729
=FMT  \\$a  BK
=LAS  \\$a15989$b40$c20220801$lBLL01$h1124
=SID  \\$aZ39$bOCLC

