=LDR  02858cam a2200649 i 4500
=001  017743937
=003  Uk
=005  20180731100006.0
=008  090330s2007\\\\it\a\\\\\b\\\|1|0\0|ita\d
=020  \\$a9788849128482
=020  \\$a8849128487
=035  \\$a(OCoLC)317454158
=040  \\$aC3L$beng$cC3L$dSTF$dDEBBG$dOCL$dOCLCQ$dOCLCF$dOCLCO$dOCLCQ$dOCL$dUk$erda
=041  0\$aita$aeng$afre$ager$aspa
=042  \\$aukblsr
=043  \\$ae------
=045  \\$ao0s9$at0u9$av0w1$aw1w9$ax0x4
=050  \4$aLA627$b.S76 2007
=082  04$a378$221
=084  \\$aAL 21500$2rvk
=245  04$aGli statuti universitari :$btradizione dei testi e valenze politiche : atti del Convegno internazionale di studi Messina-Milazzo, 13-18 aprile 2004 /$ca cura di Andrea Romano.
=264  \1$aBologna [Italia] :$bCLUEB,$c2007.
=300  \\$a903 pages :$billustrations (black and white) ;$c28 cm.
=336  \\$atext$btxt$2rdacontent
=337  \\$aunmediated$bn$2rdamedia
=338  \\$avolume$bnc$2rdacarrier
=490  1\$aStudi / Centro interuniversitario per la storia delle università italiane ;$v8
=500  \\$aElectronic ed. also avail. at the URL: http: / / digital.casalini. it/ 9788849128482.
=504  \\$aIncludes bibliographical references.
=546  \\$aTexts in Italian, English, French, German or Spanish.
=648  \7$aGeschichte.$2swd
=650  \0$aUniversities and colleges$zEurope$xHistory$vCongresses.
=650  \0$aUniversities and colleges$xLaw and legislation$zEurope$xHistory$vCongresses.
=650  \0$aEducation$xPolitical aspects$zEurope$xHistory$vCongresses.
=650  \7$aEducation$xPolitical aspects.$2fast$0(OCoLC)fst00902728
=650  \7$aUniversities and colleges.$2fast$0(OCoLC)fst01161597
=650  \7$aUniversities and colleges$xLaw and legislation.$2fast$0(OCoLC)fst01161816
=650  07$aSatzung.$2swd
=650  07$aUniversität.$2swd
=651  \7$aEurope.$2fast$0(OCoLC)fst01245064
=655  \4$aKongress$zMessina$y2004.
=655  \7$aConference papers and proceedings.$2fast$0(OCoLC)fst01423772
=655  \7$aHistory.$2fast$0(OCoLC)fst01411628
=655  \7$aKongress.$2swd
=655  \7$aMessina (2004)$2swd
=700  1\$aRomano, Andrea,$d1947-$eeditor.
=830  \0$aStudi (Centro interuniversitario per la storia delle università italiane) ;$v8.
=852  41$aBritish Library$bHMNTS$jYF.2018.b.1319
=856  41$3Table of contents$uhttp://bvbr.bib-bvb.de:8991/F?func=service&doc_library=BVB01&doc_number=017384667&line_number=0001&func_code=DB_RECORDS&service_type=MEDIA
=856  42$uhttp://digital.casalini.it/9788849128482
=CAT  \\$a9518$b40$c20160216$lBLL01$h1202
=CAT  \\$a7483$b40$c20180731$lBLL01$h1000
=CAT  \\$aW2308-1659$c20230923$lBLL01$h1005
=FIN  \\$aY$d20180731
=FMT  \\$a  BK
=LAS  \\$aW2308-1659$b00$c20230923$lBLL01$h1005
=SID  \\$aZ39$bOCLC

