=LDR  02244 am a2200529 i 4500
=001  018279843
=003  Uk
=005  20170419130400.0
=008  160728s2016\\\\it\\\\\\\b\\\\101\0\ita\d
=010  \\$a  2016406639
=020  \\$a9788863729702
=020  \\$a8863729700
=035  \\$a(OCoLC)957730477
=040  \\$aItFiC$beng$cC3L$dDLC$dNARDE$dYUS$dOCLCF$dZCU$dNDD$dITIRS$dUk$erda
=042  \\$aukblderived
=050  00$aPQ4183.L4$bC65 2014
=082  14$a856$214
=111  2\$aColloquio internazionale Scrivere lettere nel Cinquecento, corrispondenze in prosa e in versi$d(2014 :$cUniversità Roma Tre)
=245  10$aScrivere lettere nel Cinquecento :$bcorrispondenze in prosa e in versi /$ca cura di Laura Fortini, Giuseppe Izzi, Concetta Ranieri.
=246  3\$aScrivere lettere nel '500
=250  \\$aPrima edizione.
=264  \1$aRoma :$bEdizioni di storia e letteratura,$c2016.
=300  \\$axiii, 294 pages ;$c24 cm.
=336  \\$atext$btxt$2rdacontent
=337  \\$aunmediated$bn$2rdamedia
=338  \\$avolume$bnc$2rdacarrier
=490  1\$aBiblioteca dell'Arcadia. Studi e testi ;$v3
=500  \\$aProceedings of the conference held in Rome, Italy, May 8-9, 2014.
=504  \\$aIncludes bibliographical references and indexes.
=650  \0$aItalian letters$xHistory and criticism$vCongresses.
=650  \0$aItalian prose literature$yTo 1700$xHistory and criticism$vCongresses.
=650  \0$aItalian poetry$y16th century$xHistory and criticism$vCongresses.
=700  1\$aFortini, Laura,$eeditor.
=700  1\$aIzzi, Giuseppe,$eeditor.
=700  1\$aRanieri, Concetta,$eeditor.
=830  \0$aBiblioteca dell'Arcadia.$pStudi e testi ;$v3.
=852  41$aBritish Library$bHMNTS$jYF.2017.a.10753
=856  41$3Table of contents only$uhttp://catdir.loc.gov/catdir/toc/casalini16/3145586.pdf
=856  42$uhttp://www.liberdomus.it/liberdomus/nrdcc/abstracts/D0123053012.pdf
=856  42$uhttp://digital.casalini.it/9788863729719
=856  42$3TOC$uhttp://www.columbia.edu/cgi-bin/cul/resolve?clio12174963
=CAT  \\$a11253$b40$c20170331$lBLL01$h1117
=CAT  \\$a5703$b40$c20170419$lBLL01$h1304
=FIN  \\$aY$d20170419
=FMT  \\$a  BK
=LAS  \\$a5703$b40$c20170419$lBLL01$h1304
=SID  \\$aZ39$bOCLC

