=LDR  01385cam a22004214a 4500
=001  015101458
=003  Uk
=005  20090330114804.0
=008  090302s2006\\\\it\\\\\\\b\\\\001\0dita\d
=010  \\$a  2009350678
=020  \\$a8854805270 :
=035  \\$a(ItFiC)it 07611269
=040  \\$aItFiC$cItFiC$dDLC$dUk
=042  \\$aukblcatcopy
=043  \\$ae-gx---
=050  00$aPT2664.R4$bZ589 2006
=100  10$aBelski, Franca.
=245  10$aStoria e vita nella Berlino di Ingeborg Drewitz /$cFranca Belski.
=250  \\$a1. ed.
=260  \\$aRoma :$bAracne,$c2006.
=300  \\$a383 p. ;$c24 cm.
=336  \\$atext$2rdacontent
=337  \\$aunmediated$2rdamedia
=338  \\$avolume$2rdacarrier
=500  \\$a"A10/189"--Ser. t.p.
=504  \\$aIncludes bibliographical references (p. 363-372) and index.
=600  10$aDrewitz, Ingeborg$xCriticism and interpretation.
=651  \0$aBerlin (Germany)$xIn literature.
=852  41$aBritish Library$bHMNTS$jYF.2009.a.10571
=856  41$3Table of contents only$uhttp://www.loc.gov/catdir/toc/casalini08/07611269.pdf
=856  41$uhttp://digital.casalini.it/8854805270
=CAT  \\$a8197$b40$c20090330$lBLL01$h1148
=CAT  \\$aW2308-1659$c20230923$lBLL01$h1016
=CAT  \\$aBATCH-UPD$b00$c20230925$lBLL01$h0328
=FIN  \\$aY$d20090330
=FMT  \\$a  BK
=LAS  \\$aBATCH-UPD$b00$c20230925$lBLL01$h0328
=SRC  \\$aBLL02

