=LDR  01721cam a22005057a 4500
=001  015115952
=003  Uk
=005  20090421104440.0
=008  090306s2008\\\\it\a\\\\\b\\\\001\0bita\d
=010  \\$a2009350757
=020  \\$a9788849131291
=020  \\$a8849131291
=035  \\$a(OCoLC)313648105
=040  \\$aItFiC$cDLC$dC3L
=042  \\$aukblderived
=043  \\$ae-it---
=045  \\$ao0s9
=050  00$aR519.B64$bM364 2008
=082  14$a610$221
=100  1\$aDuranti, Tommaso,$d1977-
=245  10$aMai sotto Saturno :$bGirolamo Manfredi, medico e astrologo /$cTommaso Duranti.
=260  \\$aBologna :$bCLUEB,$cc2008.
=300  \\$a212 p. :$bill. ;$c21 cm.
=336  \\$atext$2rdacontent
=337  \\$aunmediated$2rdamedia
=338  \\$avolume$2rdacarrier
=490  0\$aBologna medievale ieri e oggi ;$v10
=500  \\$a"Opere di Girolamo Manfredi: p. [179]-182."
=504  \\$aIncludes bibliographical references (p. [201]-212) and index.
=600  10$aManfredi, Girolamo,$d-1492.
=650  \0$aAstrologers$zItaly$vBiography.
=650  \0$aMedical astrology$zItaly$xHistory.
=650  \0$aMedicine$zItaly$zBologna$xHistory.
=650  \0$aPhysicians$zItaly$zBologna$vBiography.
=852  41$aBritish Library$bHMNTS$jYF.2009.a.12766
=856  41$3Table of contents only$uhttp://www.loc.gov/catdir/toc/casalini08/09705538.pdf
=856  41$uhttp://digital.casalini.it/9788849131291
=985  \\$aRecord amended for WR# 13/070
=CAT  \\$a8197$b40$c20090421$lBLL01$h1044
=CAT  \\$aWR13_070$b00$c20130504$lBLL01$h0314
=CAT  \\$aW2308-1659$c20230923$lBLL01$h1018
=FIN  \\$aY$d20090421
=FMT  \\$a  BK
=LAS  \\$aW2308-1659$b00$c20230923$lBLL01$h1018
=SID  \\$aZ39$bOCLC

