=LDR  01842cam a22004457i 4500
=001  016745929
=003  Uk
=005  20140718075750.0
=008  140221s2013\\\\it\\\\\\\b\\\\100\0\ita\d
=010  \\$a  2013471397
=020  \\$a9788866554325 :$c14.90 EUR
=035  \\$a(ItFiC)it 14706261
=040  \\$aItFiC$beng$cItFiC$dDLC$dUk$erda
=042  \\$aukblderived
=043  \\$ae-it---
=050  00$aJN5477.F43$bC67 2011
=111  2\$aConvegno su "Quale federalismo per l'Italia di oggi"$d(2011 :$cFlorence, Italy)
=245  10$aQuale federalismo per l'Italia di oggi? :$batti della giornata di studi promossa dalla Facoltà di scienze politiche "Cesare Alfieri" per i 150 anni dell'Unità d'Italia : Aula magna del Polo delle scienze sociali, 28 novembre 2011 /$ca cura di Sandro Rogari.
=264  \1$aFirenze :$bFirenze University Press,$c2013.
=300  \\$a88 pages ;$c24 cm.
=336  \\$atext$2rdacontent
=337  \\$aunmediated$2rdamedia
=338  \\$avolume$2rdacarrier
=490  0\$aAtti ;$v32
=490  0\$aLezioni e letture della Facoltà di scienze politiche "Cesare Alfieri"
=504  \\$aIncludes bibliographical references.
=650  \0$aFederal government$zItaly$vCongresses.
=650  \0$aDecentralization in government$zItaly$vCongresses.
=700  1\$aRogari, Sandro,$eeditor of compilation.
=852  41$aBritish Library$bHMNTS$jYF.2014.a.16732
=856  41$3Table of contents only$uhttp://www.loc.gov/catdir/toc/casalini12/14706261.pdf
=856  41$uhttp://digital.casalini.it/9788866554325
=CAT  \\$a10904$b40$c20140623$lBLL01$h0844
=CAT  \\$a11131$b40$c20140718$lBLL01$h0757
=CAT  \\$aBATCH-UPD$b40$c20170422$lBLL01$h1759
=CAT  \\$aW2308-1659$c20230923$lBLL01$h1025
=FIN  \\$aY$d20140718
=FMT  \\$a  BK
=LAS  \\$aW2308-1659$b00$c20230923$lBLL01$h1025
=SRC  \\$aBLL02

