=LDR  01956cam a2200505 i 4500
=001  016862153
=003  Uk
=005  20140929084303.0
=008  130926s2013\\\\it\a\\\\\b\\\\000\0\ita\d
=010  \\$a  2013393873
=020  \\$a9788866553588
=020  \\$a8866553581
=035  \\$a(OCoLC)859149477
=040  \\$aItFiC$beng$cC3L$dDLC$dEYM$dOCLCO$dCLU$dRBN$dOCLCF$dUk$erda
=042  \\$aukblderived
=043  \\$ae-it---
=050  00$aE125.V5$bA624 2013
=082  04$a910$221
=245  00$aAmerigo Vespucci e i mercanti viaggiatori fiorentini del Cinquecento /$ca cura di Margherita Azzari, Leonardo Rombai.
=264  \1$aFirenze :$bFirenze University Press,$c2013.
=300  \\$axiii, 289 pages :$billustrations (some color) ;$c23 cm.
=336  \\$atext$2rdacontent
=337  \\$aunmediated$2rdamedia
=338  \\$avolume$2rdacarrier
=490  1\$aBiblioteca di storia ;$v19
=504  \\$aIncludes bibliographical references (pages 279-289).
=600  10$aVespucci, Amerigo,$d1451-1512.
=650  \0$aMerchants$zItaly$zFlorence$xHistory$y16th century.
=651  \0$aAmerica$xDiscovery and exploration$xItalian.
=651  \0$aAmerica$xDiscovery and exploration$xSpanish.
=700  1\$aAzzari, Margherita,$eeditor of compilation.
=700  1\$aRombai, Leonardo,$eeditor of compilation.
=700  12$aCaraci Luzzana, Ilaria.$tAmerigo Vespucci.
=830  \0$aBiblioteca di storia (Firenze University Press) ;$v19.
=852  41$aBritish Library$bHMNTS$jYF.2014.a.21697
=856  41$3Table of contents only$uhttp://catdir.loc.gov/catdir/toc/casalini12/13716654.pdf
=856  41$uhttp://digital.casalini.it/9788866553595
=CAT  \\$a11131$b40$c20140909$lBLL01$h0850
=CAT  \\$a5703$b40$c20140929$lBLL01$h0843
=CAT  \\$aBATCH-UPD$b40$c20181229$lBLL01$h1717
=CAT  \\$aW2308-1659$c20230923$lBLL01$h1026
=FIN  \\$aY$d20140929
=FMT  \\$a  BK
=LAS  \\$aW2308-1659$b00$c20230923$lBLL01$h1026
=SID  \\$aZ39$bOCLC

