=LDR  01782cam a22004934a 4500
=001  013603306
=003  Uk
=005  20061222143103.0
=008  060918s2006\\\\it\a\\\\\b\\\\000\0dita\d
=010  \\$a2006416322
=020  \\$a8884534704 :$c9.90 EUR
=035  \\$a(ItFiC)it 06516262
=040  \\$aItFiC$cItFiC$dDLC$dUk
=043  \\$ae-it---
=050  00$aDG579.C85$bA5 2006
=100  1\$aCorghi, Corrado.
=245  10$aMondo democristiano, mondo cattolico nel secondo Novecento italiano :$ba colloquio con Corrado Corghi /$ca cura di Arnaldo Nesti, Alba Scarpellini.
=260  \\$aFirenze :$bFirenze University Press,$c2006.
=300  \\$a141 p. :$bill. ;$c21 cm.
=336  \\$atext$2rdacontent
=337  \\$aunmediated$2rdamedia
=338  \\$avolume$2rdacarrier
=490  1\$aEsperienze religiose$v1
=504  \\$aIncludes bibliographical references.
=600  10$aCorghi, Corrado$vInterviews.
=610  20$aPartito della democrazia cristiana.
=651  \0$aItaly$xPolitics and government$y1945-1976.
=700  1\$aNesti, Arnaldo.
=700  1\$aScarpellini, Alba.
=830  \0$aEsperienze religiose ;$v1.
=852  41$aBritish Library$bHMNTS$jYF.2007.a.1758
=856  41$3Table of contents$uhttp://www.loc.gov/catdir/toc/casalini04/06516262.pdf
=856  41$uhttp://digital.casalini.it/8884534690
=CAT  \\$a6191$b40$c20061115$lBLL01$h1440
=CAT  \\$aBATCH-UPD$b40$c20061115$lBLL01$h1440
=CAT  \\$a11002$b40$c20061222$lBLL01$h1431
=CAT  \\$aBATCH$b00$c20091217$lBLL01$h0438
=CAT  \\$aBATCH$b00$c20100103$lBLL01$h1232
=CAT  \\$aBATCH-UPD$b00$c20150406$lBLL01$h1639
=CAT  \\$aW2308-1659$c20230923$lBLL01$h1031
=FIN  \\$aY$d20061222
=FMT  \\$a  BK
=LAS  \\$aW2308-1659$b00$c20230923$lBLL01$h1031
=SID  \\$aZ39$bLOC

