=LDR  01524cam a22004334a 4500
=001  013605495
=003  Uk
=005  20070314140936.0
=008  060918s2006\\\\it\\\\\\\b\\\\000\0\ita\d
=010  \\$a  2006416338
=020  \\$a8884534844 :$c15.00 EUR
=035  \\$a(ItFiC)it 06524850
=040  \\$aItFiC$cItFiC$dDLC$dUk
=043  \\$ae-it---
=050  00$aDG975.O6794$bB54 2006
=100  10$aBicchierai, Marco.
=245  14$aUna comunità rurale toscana di antico regime :$bRaggiolo in Casentino /$cMarco Bicchierai.
=260  \\$aFirenze :$bFirenze University Press,$c2006.
=300  \\$a152 p. ;$c24 cm.
=336  \\$atext$2rdacontent
=337  \\$aunmediated$2rdamedia
=338  \\$avolume$2rdacarrier
=490  1\$aMonografie. Umanistica ;$v13
=504  \\$aIncludes bibliographical references (p. [147]-152).
=651  \0$aOrtignano Raggiolo (Italy)$xHistory.
=830  \0$aMonografie.$pUmanistica ;$v13.
=852  41$aBritish Library$bHMNTS$jYF.2007.a.8165
=856  41$3Table of contents$uhttp://www.loc.gov/catdir/toc/casalini04/06524850.pdf
=856  41$uhttp://digital.casalini.it/8884534836
=CAT  \\$a6191$b40$c20061120$lBLL01$h0956
=CAT  \\$a11002$b40$c20070314$lBLL01$h1409
=CAT  \\$aBATCH$b00$c20091217$lBLL01$h0438
=CAT  \\$aBATCH$b00$c20100103$lBLL01$h1232
=CAT  \\$aW2308-1659$c20230923$lBLL01$h1031
=CAT  \\$aBATCH-UPD$b00$c20230925$lBLL01$h1117
=FIN  \\$aY$d20070314
=FMT  \\$a  BK
=LAS  \\$aBATCH-UPD$b00$c20230925$lBLL01$h1117
=SRC  \\$aBLL02

