=LDR  01815cam a22004694a 4500
=001  013612278
=003  Uk
=005  20070112072938.0
=008  060423s2006\\\\it\a\\\\\b\\\\001\0\ita\d
=010  \\$a  2006385357
=020  \\$a8884533759 :$c20.00 EUR
=035  \\$a(ItFiC)it 05664098
=040  \\$aItFiC$cItFiC$dDLC$dUk
=043  \\$ae-it---
=050  00$aNA1121.F7$bF73 2006
=100  1\$aFrati, Marco.
=245  10$aDe bonis lapidibus conciis :$bla costruzione di Firenze ai tempi di Arnolfo di Cambio : strumenti, tecniche e maestranze nei cantieri fra XIII e XIV secolo /$cMarco Frati.
=260  \\$aFirenze, Italy :$bFirenze University Press,$c2006.
=300  \\$a370 p. :$bill. ;$c24 cm.
=336  \\$atext$2rdacontent
=337  \\$aunmediated$2rdamedia
=338  \\$avolume$2rdacarrier
=490  1\$aMonografie scienze tecnologiche ;$v13
=504  \\$aIncludes bibliographical references (p. [205]-246) and indexes.
=650  \0$aArchitecture, Medieval$zItaly$zFlorence.
=650  \0$aArchitecture$zItaly$zFlorence.
=650  \0$aBuilding$zItaly$zFlorence$xHistory$yTo 1500.
=651  \0$aFlorence (Italy)$xBuildings, structures, etc.
=830  \0$aMonografie scienze tecnologiche ;$v13.
=852  41$aBritish Library$bHMNTS$jYF.2007.a.2172
=856  41$3Table of contents$uhttp://www.loc.gov/catdir/toc/casalini03/05664098.pdf
=856  41$uhttp://digital.casalini.it/8884533740
=CAT  \\$a6191$b40$c20061128$lBLL01$h1428
=CAT  \\$a11002$b40$c20070112$lBLL01$h0729
=CAT  \\$aBATCH$b00$c20091217$lBLL01$h0439
=CAT  \\$aBATCH$b00$c20100103$lBLL01$h1233
=CAT  \\$aBATCH-UPD$b00$c20160608$lBLL01$h1936
=CAT  \\$aW2308-1659$c20230923$lBLL01$h1032
=FIN  \\$aY$d20070112
=FMT  \\$a  BK
=LAS  \\$aW2308-1659$b00$c20230923$lBLL01$h1032
=SRC  \\$aBLL02

