=LDR  03913cam a22008897a 4500
=001  013644408
=003  Uk
=005  20230924064721.0
=008  061113s2006\\\\it\abf\\\b\\\\101\0\fre\d
=010  \\$a  2006382723
=020  \\$a2728307415 :$c99.00 EUR
=035  \\$a(ItFiC)it 06930908
=040  \\$aItFiC$beng$cItFiC$dDLC$dUk
=041  0\$afre$aeng$aita
=043  \\$ae-it---
=050  00$aDG503$b.I58 2001
=111  2\$aInternational Congress of Byzantine Studies$n(20th :$d2001 :$cParis, France)
=245  10$aHistoire et culture dans l'Italie byzantine :$bacquis et nouvelles recherches /$csous la direction de André Jacob, Jean-Marie Martin et Ghislaine Noyé.
=260  \\$a[Rome, Italy] :$bÉcole française de Rome,$c2006.
=300  \\$a672 p., xxviii p. of plates :$bill., maps ;$c24 cm.
=336  \\$atext$2rdacontent
=337  \\$aunmediated$2rdamedia
=338  \\$avolume$2rdacarrier
=490  1\$aCollection de l'École française de Rome,$x0223-5099 ;$v363
=500  \\$aProceedings of a conference held within the 20th International Congress of Byzantine Studies, Paris, Aug. 22, 2001.
=504  \\$aIncludes bibliographical references and indexes.
=540  \\$aCurrent Copyright Fee: GBP25.00$c0$5Uk
=546  \\$aContributions in French, English, and Italian.
=591  \\$aPapers.
=651  \0$aItaly$xHistory$y476-1268$vCongresses.
=651  \0$aByzantine Empire$xCivilization$vCongresses.
=653  1\$aItalie Byzantine
=653  1\$aByzantine studies
=653  1\$aHistoire
=653  2\$aItalie Byzantine
=700  1\$aJacob, André.
=700  1\$aMartin, Jean-Marie,$d1938-
=700  1\$aNoyé, Ghislaine.
=830  \0$aCollection de l'École française de Rome,$x0223-5099 ;$v363
=852  41$aBritish Library$bDSC$j3310.417000$ino. 363 (2006)
=852  41$aBritish Library$bHMNTS$jAC.5233.a/363
=856  41$3Table of contents$uhttp://www.loc.gov/catdir/toc/casalini05/06930908.pdf
=856  41$uhttp://digital.casalini.it/2728307415
=945  \\$aCollection de l'École française de Rome, ISSN 0223-5099 ; [no] 363 2006
=ACF  \\$aPrevious copyright fee: GBP12.00$c0$e01-jan-2012$fGBP12.00$g0$hA$5Uk
=ACF  \\$aPrevious Copyright Fee: GBP12.30$c0$e01-jan-2014$fGBP12.30$g0$hA$5Uk
=ACF  \\$aPrevious Copyright Fee: GBP15.00$c0$e01-jan-2017$fGBP15.00$g0$hA$5Uk
=ACF  \\$aPrevious Copyright Fee: GBP20.00$c0$e01-jan-2020$fGBP20.00$g0$hA$5Uk
=CAT  \\$a8411$b40$c20070116$lBLL01$h1047
=CAT  \\$a10926$b40$c20070123$lBLL01$h1312
=CAT  \\$a6933$b40$c20070129$lBLL01$h0938
=CAT  \\$aBATCH-UPD$b40$c20081219$lBLL01$h0031
=CAT  \\$aBATCH$b00$c20091217$lBLL01$h0444
=CAT  \\$aBATCH$b00$c20100103$lBLL01$h1237
=CAT  \\$aBATCH-CLA$b00$c20130527$lBLL01$h0134
=CAT  \\$aBATCH-CLA$c20131220$lBLL01$h2041
=CAT  \\$aIPL-CLA$c20140101$lBLL01$h0013
=CAT  \\$aBATCH-CLA$b00$c20161222$lBLL01$h1812
=CAT  \\$aIPL-CLA$c20161230$lBLL01$h2209
=CAT  \\$aBATCH-CLA$b00$c20171222$lBLL01$h2135
=CAT  \\$aIPL-CLA$c20171231$lBLL01$h1702
=CAT  \\$aBATCH-CLA$b00$c20191219$lBLL01$h1738
=CAT  \\$aIPL-CLA$c20191231$lBLL01$h1943
=CAT  \\$aR2001-1524$c20200127$lBLL01$h2020
=CAT  \\$aBATCH-CLA$b00$c20200128$lBLL01$h0448
=CAT  \\$aBATCH-CLA$b00$c20201204$lBLL01$h1541
=CAT  \\$aIPL-CLA$c20201231$lBLL01$h2217
=CAT  \\$aBATCH-CLA$b00$c20221221$lBLL01$h1851
=CAT  \\$aIPL-CLA$c20221231$lBLL01$h2131
=CAT  \\$aW2308-1659$c20230923$lBLL01$h1034
=CAT  \\$aBATCH-CLA$b00$c20230924$lBLL01$h0647
=CFI  0\$aCurrent Copyright Fee: GBP25.00$c0$e01-jan-2023$fGBP25.00$g0$hA$5Uk
=CNF  \\$aHistoire et culture dans l'Italie byzantine: acquis et nouvelles recherches (Table ronde)$d(2001 Aug :$cParis)
=FIN  \\$aY$d20070116
=FMT  \\$a  BK
=LAS  \\$aBATCH-CLA$b00$c20230924$lBLL01$h0647
=SRC  \\$aBLL02

