=LDR  01840cam a22004814a 4500
=001  013707892
=003  Uk
=005  20070402155152.0
=008  060313s2005\\\\it\ab\\\\b\\\\001\0\fre\d
=010  \\$a  2006350790
=020  \\$a2728307350 (cased)$c48.00 EUR
=035  \\$a(ItFiC)it 06061834
=040  \\$aItFiC$cItFiC$dDLC$dUk
=042  \\$aukblcatcopy
=043  \\$ae-it---
=050  00$aDG975.A68$bS73 2005
=100  1\$aSotinel, Claire.
=245  10$aIdentité civique et christianisme :$bAquilée du IIIe au VIe siècle /$cpar Claire Sotinel.
=260  \\$aRome :$bÉcole française de Rome,$c2005.
=300  \\$a458 p., ii p. of plates, :$bill., map ;$c25 cm.
=336  \\$atext$2rdacontent
=337  \\$aunmediated$2rdamedia
=338  \\$avolume$2rdacarrier
=490  1\$aBibliothèque des Écoles françaises d'Athènes et de Rome ;$v324
=504  \\$aIncludes bibliographical references (p. [399]-426) and indexes.
=651  \0$aAquileia (Italy)$xHistory$yTo 1500.
=651  \0$aAquileia (Italy)$xAntiquities.
=651  \0$aAquileia (Italy)$xChurch history.
=830  \0$aBibliothèque des écoles françaises d'Athènes et de Rome ;$v324.
=852  41$aBritish Library$bHMNTS$jAC.5206/2[No324]
=856  41$3Table of contents$uhttp://www.loc.gov/catdir/toc/casalini03/06061834.pdf
=856  41$uhttp://digital.casalini.it/2728307350
=CAT  \\$a10926$b40$c20070402$lBLL01$h1551
=CAT  \\$aBATCH$b00$c20091217$lBLL01$h0451
=CAT  \\$aBATCH$b00$c20100103$lBLL01$h1244
=CAT  \\$aBATCH-UPD$b00$c20110514$lBLL01$h1743
=CAT  \\$aBATCH-UPD$b00$c20161130$lBLL01$h2032
=CAT  \\$aBATCH-UPD$b00$c20200113$lBLL01$h2033
=CAT  \\$aW2308-1659$c20230923$lBLL01$h1037
=FIN  \\$aY$d20070402
=FMT  \\$a  BK
=LAS  \\$aW2308-1659$b00$c20230923$lBLL01$h1037
=SRC  \\$aBLL02

