=LDR  02488cam a22006374a 4500
=001  013734000
=003  Uk
=005  20230924065434.0
=008  060418s2005\\\\it\\\\\\\b\\\\000\0\eng\d
=010  \\$a  2006385328
=020  \\$a8884532620 (pbk.)
=020  \\$a8884532612 (online)
=035  \\$a(ItFiC)it 05626560
=040  \\$aItFiC$cItFiC$dDLC$dUk
=042  \\$aukblcatcopy
=043  \\$aaz-----
=050  00$aDS339$b.B68 2005
=245  00$aBoundaries, dynamics and construction of traditions in South Asia /$cedited by Federico Squarcini.
=260  \\$aFirenze, Italy :$bFirenze University Press ;$a[New Delhi, India] :$bMunshiram Manoharlal,$c2005.
=300  \\$a618 p. ;$c24 cm.
=336  \\$atext$2rdacontent
=337  \\$aunmediated$2rdamedia
=338  \\$avolume$2rdacarrier
=490  1\$aKykéion studi e testi. I, Scienze delle religioni ;$v3
=504  \\$aIncludes bibliographical references.
=540  \\$aCurrent Copyright Fee: GBP25.00$c0$5Uk
=650  \0$aIndian philosophy.
=651  \0$aSouth Asia$xCivilization.
=651  \0$aSouth Asia$xReligion.
=700  1\$aSquarcini, Federico.
=830  \0$aKykéion studi e testi.$nI,$pScienze delle religioni ;$v3.
=852  41$aBritish Library$bDSC$j5134.857800$iv. 1 pt. 3 (2005)
=856  41$3Table of contents$uhttp://www.loc.gov/catdir/toc/casalini03/05626560.pdf
=856  41$uhttp://digital.casalini.it/8884532612
=ACF  \\$aPrevious Copyright Fee: GBP20.00$c0$e01-jan-2020$fGBP20.00$g0$hA$5Uk
=CAT  \\$a4861$b40$c20070430$lBLL01$h1048
=CAT  \\$a7233$b40$c20070606$lBLL01$h1057
=CAT  \\$aBATCH$b00$c20091217$lBLL01$h0453
=CAT  \\$aBATCH$b00$c20100103$lBLL01$h1246
=CAT  \\$aBATCH-UPD$b00$c20181010$lBLL01$h1849
=CAT  \\$aBATCH-CLA$b00$c20181011$lBLL01$h0108
=CAT  \\$aBATCH-CLA$b00$c20191219$lBLL01$h1739
=CAT  \\$aIPL-CLA$c20191231$lBLL01$h1945
=CAT  \\$aR2001-1524$c20200127$lBLL01$h2022
=CAT  \\$aBATCH-CLA$b00$c20200128$lBLL01$h0453
=CAT  \\$aBATCH-CLA$b00$c20201204$lBLL01$h1542
=CAT  \\$aIPL-CLA$c20201231$lBLL01$h2220
=CAT  \\$aBATCH-CLA$b00$c20221221$lBLL01$h1852
=CAT  \\$aIPL-CLA$c20221231$lBLL01$h2136
=CAT  \\$aW2308-1659$c20230923$lBLL01$h1038
=CAT  \\$aBATCH-CLA$b00$c20230924$lBLL01$h0654
=CFI  0\$aCurrent Copyright Fee: GBP25.00$c0$e01-jan-2023$fGBP25.00$g0$hA$5Uk
=FIN  \\$aY$d20070606
=FMT  \\$a  BK
=LAS  \\$aBATCH-CLA$b00$c20230924$lBLL01$h0654
=SRC  \\$aBLL02

