=LDR  01476 am a2200421 a 4500
=001  013804214
=003  Uk
=005  20070927213735.0
=008  070212s2006\\\\it\a\\\\\b\\\\000\0\ita\d
=010  \\$a  2007356415
=020  \\$a9788884535222 :$c15.00 EUR
=020  \\$a8884535220 :$c15.00 EUR
=035  \\$a(ItFiC)it 06539408
=040  \\$aItFiC$cItFiC$dDLC$dUk
=042  \\$aukblsr
=043  \\$ae-it---
=050  00$aDG737.55$b.L57 2006
=100  1\$aLippi, Donatella.
=245  10$aIllacrimate sepolture :$bcuriosità e ricerca scientifica nella storia delle riesumazioni dei Medici /$cDonatella Lippi.
=260  \\$aFirenze :$bFirenze University Press,$c2006.
=300  \\$a161 p. :$bill. (some col.) ;$c24 cm.
=336  \\$atext$2rdacontent
=337  \\$aunmediated$2rdamedia
=338  \\$avolume$2rdacarrier
=504  \\$aIncludes bibliographical references (p. [159]-161).
=600  30$aMedici, House of$xTombs.
=600  30$aMedici, House of$xRelics$zItaly$zFlorence.
=852  41$aBritish Library$bHMNTS$jYF.2007.a.28004
=856  41$3Table of contents$uhttp://www.loc.gov/catdir/toc/casalini05/06539408.pdf
=856  41$uhttp://digital.casalini.it//8884535212
=BUF  \\$aN2$d20070924
=CAT  \\$a6191$b40$c20070730$lBLL01$h1643
=CAT  \\$a12666$b40$c20070924$lBLL01$h0851
=CAT  \\$aBATCH-BUOC$b00$c20070927$lBLL01$h2137
=FIN  \\$aY$d20070924
=FMT  \\$a  BK
=LAS  \\$aBATCH-BUOC$b00$c20070927$lBLL01$h2137
=SRC  \\$aBLL02

