=LDR  02046cam a2200553 a 4500
=001  015393810
=003  Uk
=005  20100528100719.0
=008  090921s2008\\\\it\a\\\\\b\\\\101\0\ita\d
=010  \\$a2009478552
=020  \\$a9788884538086 (pbk.) :$c19.50 EUR
=020  \\$a8884538084 (pbk.)
=035  \\$a(OCoLC)422688963
=035  \\$a(ItFiC)it 09240357
=040  \\$aItFiC$beng$cItFiC$dDLC$dUk
=042  \\$aukblsr
=045  \\$ao0s9
=050  00$aBF1566$b.C66 2006
=245  00$a"Non lasciar vivere la malefica" :$ble streghe nei trattati e nei processi (secoli XIV-XVII) /$ca cura di Dinora Corsi, Matteo Duni.
=260  \\$aFirenze :$bFirenze University Press,$cc2008.
=300  \\$aviii, 256 p. :$bill. ;$c22 cm.
=336  \\$atext$2rdacontent
=337  \\$aunmediated$2rdamedia
=338  \\$avolume$2rdacarrier
=490  1\$aBiblioteca di storia ;$v7
=500  \\$aProceedings of the conference held in Florence, Italy, Oct. 20-21, 2006.
=504  \\$aIncludes bibliographical references and index.
=530  \\$aAlso available via the Internet.
=650  \0$aWitchcraft$xHistory$vCongresses.
=650  \0$aWitchcraft (Canon law)$vCongresses.
=650  \0$aWitch hunting$xHistory$vCongresses.
=700  1\$aCorsi, Dinora.
=700  1\$aDuni, Matteo.
=830  \0$aBiblioteca di storia (Firenze University Press) ;$v7.
=852  41$aBritish Library$bHMNTS$jYF.2010.a.13605
=856  41$3Table of contents only$uhttp://www.loc.gov/catdir/toc/casalini08/09240357.pdf
=856  41$uhttp://digital.casalini.it/9788884538093
=CAT  \\$a11375$b40$c20091015$lBLL01$h1439
=CAT  \\$aBATCH$b00$c20091217$lBLL01$h0543
=CAT  \\$aBATCH$b00$c20100103$lBLL01$h1334
=CAT  \\$a5521$b40$c20100528$lBLL01$h1007
=CAT  \\$aBATCH-UPD$b40$c20100531$lBLL01$h2005
=CAT  \\$aBATCH-UPD$b40$c20211205$lBLL01$h2109
=CAT  \\$aW2308-1659$c20230923$lBLL01$h1048
=FIN  \\$aY$d20100528
=FMT  \\$a  BK
=LAS  \\$aW2308-1659$b00$c20230923$lBLL01$h1048
=SID  \\$aZ39$bOCLC
=SID  \\$aZ39$bLOC

