=LDR  01818 am a2200481 a 4500
=001  015464129
=003  Uk
=005  20100730150012.0
=008  100308s2009\\\\it\\\\\\\b\\\\001\0dita\d
=010  \\$a2010356912
=020  \\$a9788884539496 (pbk.) :$c25.90 EUR
=020  \\$a9788884539502 (online)
=035  \\$a(ItFiC)it 09795332
=040  \\$aItFiC$beng$cItFiC$dDLC$dUk
=041  1\$aita$asla$hsla$beng
=042  \\$aukblsr
=043  \\$ae-ur---
=050  00$aPG675$b.R65 2009
=100  1\$aRomoli, Francesca.
=245  10$aPredicatori nelle terre slavo-orientali (XI-XIII sec.) :$bretorica e strategie comunicative /$cFrancesca Romoli.
=260  \\$aFirenze :$bFirenze University Press,$c2009.
=300  \\$a385 p. ;$c24 cm.
=336  \\$atext$2rdacontent
=337  \\$aunmediated$2rdamedia
=338  \\$avolume$2rdacarrier
=490  0\$aBiblioteca di studi slavistici ;$v9
=504  \\$aIncludes bibliographical references (p. [349-375]) and index.
=530  \\$aAlso available via the Internet.
=546  \\$aAlso includes sermons in Old Russian with parallel Italian translation; abstract in English.
=650  \0$aSermons, Church Slavic$zKievan Rus$xHistory and criticism.
=650  \0$aRhetoric$zKievan Rus$xHistory.
=650  \0$aPreaching$zKievan Rus$xHistory.
=650  \0$aSermons, Church Slavic$zKievan Rus.
=650  \0$aSermons, Church Slavic$vTranslations into Italian.
=852  41$aBritish Library$bHMNTS$jYF.2010.a.19921
=856  41$3Table of contents only$uhttp://www.loc.gov/catdir/toc/casalini08/09795332.pdf
=856  41$uhttp://digital.casalini.it/9788884539502
=CAT  \\$a6160$b40$c20100114$lBLL01$h1033
=CAT  \\$a5521$b40$c20100730$lBLL01$h1500
=FIN  \\$aY$d20100730
=FMT  \\$a  BK
=LAS  \\$a5521$b40$c20100730$lBLL01$h1500
=SID  \\$aZ39$bLOC

