=LDR  01632 am a2200421 a 4500
=001  015548029
=003  Uk
=005  20100812125056.0
=008  100528s2010\\\\it\a\\\\\b\\\\001\0\ita\d
=010  \\$a2010358108
=020  \\$a9788860321244 (pbk.)
=035  \\$a(ItFiC)it 10826238
=040  \\$aItFiC$cItFiC$dDLC$dUk
=041  1\$aita$agrc$hgrc
=042  \\$aukblsr
=050  00$aB223$b.B28 2010
=100  10$aBarbieri, Michele.
=245  10$aEraclito d'Efeso :$bdiario : introduzione, testo, versione e commento ; con discussione dell'Eraclito di Spengler, Heidegger, Gadamer /$cMichele Barbieri.
=260  \\$aFirenze :$bSocietà editrice fiorentina,$cc2010.
=300  \\$a300 p. :$bill. ;$c24 cm.
=336  \\$atext$2rdacontent
=337  \\$aunmediated$2rdamedia
=338  \\$avolume$2rdacarrier
=504  \\$aIncludes bibliographical references and indexes.
=546  \\$aIncludes fragments in original Ancient Greek with parallel Italian translation; critical matter in Italian.
=600  00$aHeraclitus,$cof Ephesus.
=650  \0$aAphorisms and apothegms$vEarly works to 1800.
=700  02$aHeraclitus,$cof Ephesus.$tFragments.$lItalian & Greek.
=852  41$aBritish Library$bHMNTS$jYF.2010.a.20522
=856  41$3Table of contents only$uhttp://www.loc.gov/catdir/toc/casalini08/10826238.pdf
=856  41$uhttp://digital.casalini.it/9788860321244
=CAT  \\$a8565$b40$c20100507$lBLL01$h1443
=CAT  \\$a11342$b40$c20100812$lBLL01$h1250
=CAT  \\$aBATCH-UPD$b40$c20161029$lBLL01$h1807
=FIN  \\$aY$d20100812
=FMT  \\$a  BK
=LAS  \\$aBATCH-UPD$b40$c20161029$lBLL01$h1807
=SID  \\$aZ39$bLOC

