=LDR  01642 am a2200421 a 4500
=001  015590583
=003  Uk
=005  20100824144411.0
=008  100716s2010\\\\it\a\\\\\bc\\\000\0\ita\d
=010  \\$a2010358887
=020  \\$a9788859607977 (pbk.) :$c35.00 EUR
=035  \\$a(ItFiC)it 10851062
=040  \\$aItFiC$beng$cItFiC$dDLC$dUk
=042  \\$aukblsr
=043  \\$ae-it---
=050  00$aNK4695.A6$bB47 2010
=100  1\$aBerti, Fausto.
=245  13$aLa farmacia storica fiorentina :$bi "fornimenti" in maiolica di Montelupo, secc. XV- XVIII /$cFausto Berti.
=260  \\$aFirenze :$bPolistampa,$cc2010.
=300  \\$a222 p. :$bill. (chiefly col.) ;$c31 cm.
=336  \\$atext$2rdacontent
=337  \\$aunmediated$2rdamedia
=338  \\$avolume$2rdacarrier
=500  \\$aCatalogue of an exhibition held at the Museo della ceramica, Montelupo Fiorentino, Italy, June 19-Oct. 21, 2010.
=504  \\$aIncludes bibliographical references (p. 219-222).
=650  \0$aApothecary jars$zItaly$zMontelupo Fiorentino$xHistory$vExhibitions.
=650  \0$aMajolica, Italian$zItaly$zMontelupo Fiorentino$vExhibitions.
=710  2\$aMuseo di Montelupo (Montelupo Fiorentino, Italy)
=852  41$aBritish Library$bHMNTS$jLF.31.b.7033
=856  41$3Table of contents only$uhttp://www.loc.gov/catdir/toc/casalini08/10851062.pdf
=856  41$uhttp://digital.casalini.it/9788859607977
=CAT  \\$a8229$b40$c20100630$lBLL01$h0836
=CAT  \\$aBATCH-UPD$b40$c20100630$lBLL01$h0837
=CAT  \\$a5521$b40$c20100824$lBLL01$h1444
=FIN  \\$aY$d20100824
=FMT  \\$a  BK
=LAS  \\$a5521$b40$c20100824$lBLL01$h1444
=SID  \\$aZ39$bLOC

