=LDR  01499 am a2200421 a 4500
=001  015596358
=003  Uk
=005  20101015150550.0
=008  100723s2010\\\\it\\\\\\\b\\\\001\0dita\d
=010  \\$a2010358950
=020  \\$a9788859607922 (pbk.) :$c18.00 EUR
=035  \\$a(ItFiC)it 10853367
=040  \\$aItFiC$beng$cItFiC$dDLC$dUk
=042  \\$aukblsr
=050  00$aBL253$b.G84 2010
=100  1\$aGuerrini, Luigi.
=245  10$aCosmologie in lotta :$ble origini del processo di Galileo /$cLuigi Guerrini.
=260  \\$aFirenze :$bPolistampa,$cc2010.
=300  \\$a311 p. ;$c17 cm.
=336  \\$atext$2rdacontent
=337  \\$aunmediated$2rdamedia
=338  \\$avolume$2rdacarrier
=504  \\$aIncludes bibliographical references (p. 267-303) and index.
=530  \\$aAlso available via the Internet.
=600  10$aGalilei, Galileo,$d1564-1642$xTrials, litigation, etc.
=610  20$aCatholic Church$xDoctrines$xHistory.
=650  \0$aReligion and science$xHistory$y16th century.
=650  \0$aReligion and science$xHistory$y17th century.
=650  \0$aCosmology$xHistory.
=852  41$aBritish Library$bHMNTS$jYF.2010.a.26715
=856  41$3Table of contents only$uhttp://www.loc.gov/catdir/toc/casalini08/10853367.pdf
=856  41$uhttp://digital.casalini.it/9788859607922
=CAT  \\$a8229$b40$c20100707$lBLL01$h1204
=CAT  \\$a5521$b40$c20101015$lBLL01$h1505
=FIN  \\$aY$d20101015
=FMT  \\$a  BK
=LAS  \\$a5521$b40$c20101015$lBLL01$h1505
=SID  \\$aZ39$bLOC

