=LDR  01503cam a22004214a 4500
=001  015597280
=003  Uk
=005  20100804152902.0
=008  100226s2008\\\\it\\\\\\\b\\\\001\0\ita\d
=010  \\$a  2010356747
=020  \\$a9788886808361 (pbk.)
=020  \\$a8886808364 (pbk.)
=035  \\$a(ItFiC)it 10808205
=040  \\$aItFiC$cItFiC$dDLC$dUk
=042  \\$aukblderived
=043  \\$ae-it---
=050  00$aDG868.44$b.F54 2008
=100  1\$aFiorentini, Paoladele.
=245  10$aNel Regno delle Due Sicilie :$bintellettuali, potere, scienze della società nella Sicilia borbonica /$cPaoladele Fiorentini.
=260  \\$aCatania :$bEdizioni del Prisma,$cc2008.
=300  \\$a260 p. ;$c22 cm.
=336  \\$atext$2rdacontent
=337  \\$aunmediated$2rdamedia
=338  \\$avolume$2rdacarrier
=490  0\$aBiblioteca siciliana ;$v6
=504  \\$aIncludes bibliographical references and index.
=650  \0$aSocial sciences$zItaly$zSicily$xHistory$y19th century.
=651  \0$aSicily (Italy)$xIntellectual life$y19th century.
=852  41$aBritish Library$bHMNTS$jYF.2010.a.20431
=856  41$3Table of contents only$uhttp://www.loc.gov/catdir/toc/casalini08/10808205.pdf
=856  41$uhttp://digital.casalini.it/9788886808361
=CAT  \\$a11375$b40$c20100708$lBLL01$h1156
=CAT  \\$a12630$b40$c20100804$lBLL01$h1529
=CAT  \\$aW2308-1659$c20230923$lBLL01$h1058
=FIN  \\$aY$d20100804
=FMT  \\$a  BK
=LAS  \\$aW2308-1659$b00$c20230923$lBLL01$h1058
=SRC  \\$aBLL02

