=LDR  02454 am a2200517 a 4500
=001  015597868
=003  Uk
=005  20130211105442.0
=008  100611s2010\\\\it\ab\\\\b\\\\100\0\eng\d
=010  \\$a  2010358292
=020  \\$a9788884535856 (pbk.) :$c55.00 EUR
=020  \\$z9788884535962 (online)
=035  \\$a(ItFiC)it 10832564
=040  \\$aItFiC$beng$cItFiC$dDLC$dUk
=041  0\$aeng$aita$afre$aspa$beng$bfre$bger$bita
=042  \\$aukblsr
=043  \\$ae------
=050  00$aRA483$b.I88 2009
=110  2\$aIstituto internazionale di storia economica F. Datini.$bSettimana di studio$n(41st :$d2009 :$cPrato, Italy)
=245  13$aLe interazioni fra economia e ambiente biologico nell'Europa preindustriale, secc. XIII-XVIII :$batti della "Quarantunesima Settimana di studi," 26-30 aprile 2009 = Economic and biological interactions in pre-industrial Europe, from the 13th to the 18th century /$ca cura di Simonetta Cavaciocchi.
=246  31$aEconomic and biological interactions in pre-industrial Europe, from the 13th to the 18th century
=260  \\$aFirenze, Italy :$bFirenze University Press,$c2010.
=300  \\$aix, 628 p. :$bill., maps ;$c24 cm.
=336  \\$atext$2rdacontent
=337  \\$aunmediated$2rdamedia
=338  \\$avolume$2rdacarrier
=490  1\$aAtti delle "Settimane di studi" e altri convegni ;$v41
=504  \\$aIncludes bibliographical references.
=546  \\$aContributions in English, Italian, French, and Spanish; abstracts in English, French, German or Italian.
=650  \0$aPublic health$xEconomic aspects$zEurope$xHistory$vCongresses.
=650  \0$aBiology, Economic$zEurope$xHistory$vCongresses.
=650  \0$aEpidemics$xEconomic aspects$zEurope$xHistory$vCongresses.
=651  \0$aEurope$xPopulation$xEconomic aspects$xHistory$vCongresses.
=700  1\$aCavaciocchi, Simonetta.
=830  \0$aPubblicazioni.$nSerie II,$pAtti delle "settimane di studio" e altri convegni ;$v41.
=852  41$aBritish Library$bHMNTS$jYF.2011.a.3835
=856  41$3Table of contents only$uhttp://www.loc.gov/catdir/toc/casalini08/10832564.pdf
=856  41$uhttp://digital.casalini.it/9788884535962
=CAT  \\$a8565$b40$c20100709$lBLL01$h1037
=CAT  \\$a12640$b40$c20110210$lBLL01$h1624
=CAT  \\$a8962$b40$c20130211$lBLL01$h1054
=CAT  \\$aBATCH-UPD$b40$c20170122$lBLL01$h2052
=FIN  \\$aY$d20110210
=FMT  \\$a  BK
=LAS  \\$aBATCH-UPD$b40$c20170122$lBLL01$h2052
=SRC  \\$aBLL02

