=LDR  01553cam a22004334a 4500
=001  015602662
=003  Uk
=005  20101109160127.0
=008  100312s2009\\\\it\\\\\\\b\\\\001\0\ita\d
=010  \\$a  2010356927
=020  \\$a9788884533333 (pbk.)
=035  \\$a(ItFiC)it 09790454
=040  \\$aItFiC$beng$cItFiC$dDLC$dUk
=042  \\$aukblsr
=043  \\$ae-it---
=050  00$aDG551.8.A56$bP47 2009
=100  1\$aPestelli, Corrado,$d1957-
=245  10$aCarlo Antici e l'ideologia della restaurazione in Italia /$cCorrado Pestelli.
=260  \\$aFirenze :$bFirenze University Press,$c2009.
=300  \\$aix, 274 p. ;$c22 cm.
=336  \\$atext$2rdacontent
=337  \\$aunmediated$2rdamedia
=338  \\$avolume$2rdacarrier
=490  0\$aStudi e saggi ;$v81
=504  \\$aIncludes bibliographical references and index.
=600  10$aAntici, Carlo,$d1772-1849$xPolitical and social views.
=650  \0$aChristian conservatism$zItaly$xHistory$y19th century.
=650  \0$aCatholics$zItaly$xHistory$y19th century.
=650  \0$aPolitical culture$zItaly$xHistory$y19th century.
=852  41$aBritish Library$bHMNTS$jYF.2010.a.28618
=856  41$3Table of contents only$uhttp://www.loc.gov/catdir/toc/casalini08/09790454.pdf
=856  41$uhttp://digital.casalini.it/9788884533388
=CAT  \\$a11375$b40$c20100715$lBLL01$h1103
=CAT  \\$a7483$b40$c20101109$lBLL01$h1601
=CAT  \\$aW2308-1659$c20230923$lBLL01$h1058
=FIN  \\$aY$d20101109
=FMT  \\$a  BK
=LAS  \\$aW2308-1659$b00$c20230923$lBLL01$h1058
=SRC  \\$aBLL02

