=LDR  01740cam a22004574a 4500
=001  015603274
=003  Uk
=005  20100816092826.0
=008  100312s2009\\\\it\ab\\\\b\\\\100\0dita\d
=010  \\$a  2010356992
=020  \\$a9788884539328 :$c18.90 EUR
=035  \\$a(ItFiC)it 09790160
=040  \\$aItFiC$cItFiC$dDLC$dUk
=042  \\$aukblderived
=043  \\$ae-it---
=050  00$aHE8174$b.A58 2009
=245  00$aAntonio Meucci e la città di Firenze :$btra scienza, tecnica e ingegneria /$ca cura di Franco Angotti, Giuseppe Pelosi.
=260  \\$aFirenze :$bFirenze University Press,$c2009.
=300  \\$axi, 192 p. :$bill. (some col.), maps ;$c24 cm.
=336  \\$atext$2rdacontent
=337  \\$aunmediated$2rdamedia
=338  \\$avolume$2rdacarrier
=490  0\$aAtti ;$v22
=500  \\$aIncludes papers presented at three conferences within Genio fiorentino festival, held in Florence, Italy, 2008.
=504  \\$aIncludes bibliographical references.
=600  10$aMeucci, Antonio,$d1808-1889.
=650  \0$aTelecommunication$zItaly$xHistory$y19th century.
=651  \0$aFlorence (Italy)$xCivilization$y19th century.
=700  1\$aAngotti, Franco.
=700  1\$aPelosi, Giuseppe.
=711  2\$aGenio fiorentino (Festival)$d(2008 :$cFlorence, Italy)
=852  41$aBritish Library$bHMNTS$jYF.2010.a.21600
=856  41$3Table of contents only$uhttp://www.loc.gov/catdir/toc/casalini08/09790160.pdf
=856  41$uhttp://digital.casalini.it/9788884539342
=CAT  \\$a11375$b40$c20100716$lBLL01$h1056
=CAT  \\$a11131$b40$c20100816$lBLL01$h0928
=CAT  \\$aW2308-1659$c20230923$lBLL01$h1058
=FIN  \\$aY$d20100816
=FMT  \\$a  BK
=LAS  \\$aW2308-1659$b00$c20230923$lBLL01$h1058
=SRC  \\$aBLL02

