=LDR  01800 am a2200481 a 4500
=001  015603491
=003  Uk
=005  20101217123241.0
=008  100820s2010\\\\it\ab\\\\b\\\\001\0\ita\d
=010  \\$a2010465227
=020  \\$a9788856401028 (pbk.) :$c24.00 EUR
=035  \\$a(ItFiC)it 10855475
=040  \\$aItFiC$beng$cItFiC$dDLC$dUk
=042  \\$aukblsr
=043  \\$amm-----
=050  00$aPQ4293.G46$bB63 2010
=245  00$aBoccaccio geografo :$bun viaggio nel Mediterraneo tra le città, i giardini e-- il "mondo" di Giovanni Boccaccio /$ca cura di Roberta Morosini ; con la collaborazione di Andrea Cantile.
=260  \\$aFirenze :$bM. Pagliai,$cc2010.
=300  \\$a271 p. :$bill. (chiefly col.), col. maps ;$c21 cm.
=336  \\$atext$2rdacontent
=337  \\$aunmediated$2rdamedia
=338  \\$avolume$2rdacarrier
=490  0\$aStorie del mondo ;$v4
=504  \\$aIncludes bibliographical references and index.
=530  \\$aAlso available via the Internet.
=600  10$aBoccaccio, Giovanni,$d1313-1375$xKnowledge$xGeography.
=600  10$aBoccaccio, Giovanni,$d1313-1375$xTravel.
=650  \0$aGeography, Medieval.
=650  \0$aGeography in literature.
=651  \0$aMediterranean Region$xIn literature.
=700  1\$aMorosini, Roberta.
=700  1\$aCantile, Andrea.
=710  2\$aWake Forest University.
=710  2\$aEnte nazionale Giovanni Boccaccio.
=852  41$aBritish Library$bHMNTS$jYF.2010.a.32156
=856  41$3Table of contents only$uhttp://www.loc.gov/catdir/toc/casalini08/10855475.pdf
=856  41$uhttp://digital.casalini.it/9788856401028
=CAT  \\$a11375$b40$c20100716$lBLL01$h1417
=CAT  \\$a5521$b40$c20101217$lBLL01$h1232
=FIN  \\$aY$d20101217
=FMT  \\$a  BK
=LAS  \\$a5521$b40$c20101217$lBLL01$h1232
=SID  \\$aZ39$bLOC

