=LDR  01481 am a2200421 a 4500
=001  015604233
=003  Uk
=005  20101126092520.0
=008  100827s2010\\\\it\\\\\\\b\\\\001\0\ita\d
=010  \\$a2010465301
=020  \\$a9788859608080 (pbk.) :$c25.00 EUR
=035  \\$a(ItFiC)it 10960195
=040  \\$aItFiC$beng$cItFiC$dDLC$dUk
=042  \\$aukblsr
=043  \\$ae-it---
=050  00$aPQ4083$b.C37 2010
=100  1\$aCardini, Roberto.
=245  10$aClassicismo e modernità :$bMonti, Foscolo, Leopardi /$cRoberto Cardini.
=260  \\$aFirenze :$bPolistampa,$cc2010.
=300  \\$ax, 336 p. ;$c23 cm.
=336  \\$atext$2rdacontent
=337  \\$aunmediated$2rdamedia
=338  \\$avolume$2rdacarrier
=490  0\$aBiblioteca neoclassica ;$v2. ser., 1
=504  \\$aIncludes bibliographical references and indexes.
=650  \0$aItalian literature$y18th century$xHistory and criticism.
=650  \0$aItalian literature$y19th century$xHistory and criticism.
=650  \0$aNeoclassicism (Literature)$zItaly.
=852  41$aBritish Library$bHMNTS$jYF.2010.a.29989
=856  41$3Table of contents only$uhttp://www.loc.gov/catdir/toc/casalini08/10960195.pdf
=856  41$uhttp://digital.casalini.it/9788859608080
=CAT  \\$a8301$b40$c20100719$lBLL01$h1404
=CAT  \\$a5521$b40$c20101125$lBLL01$h1539
=CAT  \\$a5521$b40$c20101126$lBLL01$h0925
=FIN  \\$aY$d20101125
=FMT  \\$a  BK
=LAS  \\$a5521$b40$c20101126$lBLL01$h0925
=SID  \\$aZ39$bLOC

