=LDR  01592cam a22004094a 4500
=001  015657521
=003  Uk
=005  20110302073010.0
=008  100405s2009\\\\it\\\\\\\bc\\\001\0\ita\d
=010  \\$a  2010357310
=020  \\$a9788864530291
=035  \\$a(ItFiC)it 10818677
=040  \\$aItFiC$cItFiC$dDLC$dUk
=042  \\$aukblderived
=050  00$aZ6616.D345$bA25 2009$aPQ4811 .E67
=245  00$aA Giuseppe Dessí :$blettere di amici e lettori : con un'appendice di lettere inedite /$ca cura di Francesca Nencioni.
=260  \\$aFirenze :$bFirenze University Press,$c2009.
=300  \\$a519 p. ;$c24 cm.
=336  \\$atext$2rdacontent
=337  \\$aunmediated$2rdamedia
=338  \\$avolume$2rdacarrier
=490  0\$aFonti storiche e letterarie. Edizioni cartacee e digitali ;$v25
=504  \\$aIncludes bibliographical references and index.
=600  10$aDessì, Giuseppe,$d1909-1977$vCorrespondence$vCatalogs.
=600  10$aDessì, Giuseppe,$d1909-1977$xFriends and associates$vCorrespondence$vCatalogs.
=650  \0$aAuthors, Italian$y20th century$vCorrespondence$vCatalogs.
=700  1\$aNencioni, Francesca.
=852  41$aBritish Library$bHMNTS$jYF.2011.a.5958
=856  41$3Table of contents only$uhttp://www.loc.gov/catdir/toc/casalini08/10818677.pdf
=856  41$uhttp://digital.casalini.it/9788864530314
=CAT  \\$a11375$b40$c20100927$lBLL01$h1108
=CAT  \\$a11002$b40$c20110302$lBLL01$h0730
=CAT  \\$aW2308-1659$c20230923$lBLL01$h1101
=FIN  \\$aY$d20110302
=FMT  \\$a  BK
=LAS  \\$aW2308-1659$b00$c20230923$lBLL01$h1101
=SRC  \\$aBLL02

