=LDR  01955cam a22005414a 4500
=001  015660724
=003  Uk
=005  20120224093447.0
=008  100426s2009\\\\it\\\\\\\b\\\\000\0\ita\\
=010  \\$a2010442990
=020  \\$a9788884536389 (pbk.)
=020  \\$a9788884534415 (pbk.)
=020  \\$a8884534410 (pbk.)
=035  \\$a(OCoLC)0436107588
=035  \\$a(ItFiC)it09790330
=035  \\$a(OCoLC)611935133
=040  \\$aDLC$beng$cDLC$dZCU$dUk
=041  0\$aita$alat
=043  \\$ae-it---
=050  00$aDG975.M28$bL39 2009
=100  1\$aLazzarini, Isabella.
=245  13$aIl linguaggio del territorio fra principe e comunità :$bil giuramento di fedeltà a Federico Gonzaga (Mantova 1479) /$cIsabella Lazzarini.
=260  \\$aFirenze :$bFirenze University Press,$c2009.
=300  \\$a237 p. ;$c24 cm.
=336  \\$atext$2rdacontent
=337  \\$aunmediated$2rdamedia
=338  \\$avolume$2rdacarrier
=490  1\$aReti medievali e-book ;$v13
=504  \\$aIncludes bibliographical references (p.[115]-126).
=530  \\$aAlso available via the Internet.
=546  \\$aCommentary in Italian; sources in Latin.
=600  00$aFederico$bI Gonzaga,$cMarquis of Mantua,$d1441-1484.
=650  \0$aLoyalty oaths$zItaly$zMantua.
=651  \0$aMantua (Italy)$xPolitics and government$vSources.
=830  \0$aReti medievali.$pE-book, Monografie ;$v13.
=852  41$aBritish Library$bHMNTS$jYF.2012.a.5628
=856  42$uhttp://digital.casalini.it/9788884534439
=856  41$3Table of contents$uhttp://www.ilibri.casalini.it/toc/09790330.pdf
=856  41$uhttp://digital.casalini.it/9788884534439
=CAT  \\$a11375$b40$c20100929$lBLL01$h0902
=CAT  \\$a5521$b40$c20120223$lBLL01$h1227
=CAT  \\$a5521$b40$c20120224$lBLL01$h0934
=CAT  \\$aW2308-1659$c20230923$lBLL01$h1101
=FIN  \\$aY$d20120223
=FMT  \\$a  BK
=LAS  \\$aW2308-1659$b00$c20230923$lBLL01$h1101
=SID  \\$aZ39$bLOC
=SID  \\$aZ39$bOCLC

