=LDR  01494 am a22004094a 4500
=001  015675486
=003  Uk
=005  20110713141223.0
=008  101112s2010\\\\it\a\\\\\bc\\\000\0dita\d
=010  \\$a  2010468342
=020  \\$a9788859608325
=035  \\$a(ItFiC)it 10961559
=040  \\$aItFiC$cItFiC$dDLC$dUk
=042  \\$aukblcatcopy
=043  \\$ae-it---
=050  00$aN6919.F54$bA78 2010
=245  00$aArte a Figline :$bdal maestro della Maddalena a Masaccio /$ca cura di Angelo Tartuferi.
=260  \\$aFirenze :$bPolistampa,$cc2010.
=300  \\$a199 p. :$bill. (chiefly col.) ;$c25 cm.
=336  \\$atext$2rdacontent
=337  \\$aunmediated$2rdamedia
=338  \\$avolume$2rdacarrier
=490  0\$aLa città degli Uffizi ;$v4
=500  \\$aCatalog of an exhibition held at the Palazzo Pretorio, Figline Valdarno, Italy, Oct. 16, 2010-Jan. 16, 2011.
=504  \\$aIncludes bibliographical references (p. 188-199).
=650  \0$aArt, Italian$zItaly$zFigline Valdarno$vExhibitions.
=700  1\$aTartuferi, Angelo.
=852  41$aBritish Library$bHMNTS$jYF.2012.a.13623
=852  41$aBritish Library$bHMNTS$jYF.2011.a.16147
=856  41$3Table of contents only$uhttp://www.loc.gov/catdir/toc/casalini08/10961559.pdf
=856  41$uhttp://digital.casalini.it/9788859608325
=CAT  \\$a9518$b40$c20101020$lBLL01$h0920
=CAT  \\$a5512$b40$c20110713$lBLL01$h1412
=FIN  \\$aY$d20110713
=FMT  \\$a  BK
=LAS  \\$a5512$b40$c20110713$lBLL01$h1412
=SRC  \\$aBLL02

