=LDR  01754cam a2200493 a 4500
=001  015715145
=003  Uk
=005  20110624155315.0
=008  101001t20102008it\a\\\\\b\\\\001\0\ita\d
=010  \\$a  2010465769
=020  \\$a9788831101615 (pbk.)
=020  \\$a8831101617 (pbk.)
=035  \\$a(OCoLC)668178045
=035  \\$a(ItFiC)it 10807985
=040  \\$aItFiC$beng$cItFiC$dDLC$dUk
=042  \\$aukblsr
=043  \\$ae------
=050  00$aBR115.E3$bB78 2008
=082  14$a261$221
=100  1\$aBruni, Luigino,$d1966-
=245  10$aBenedetta economia :$bBenedetto di Norcia e Francesco d'Assisi nella storia economica europea /$cLuigino Bruni, Alessandra Smerilli ; prefazione di Stefano Zamagni.
=250  \\$a3rd ed.
=260  \\$aRoma :$bCittà nuova,$c2010, c2008.
=300  \\$a118 p. :$bill. ;$c21 cm.
=336  \\$atext$2rdacontent
=337  \\$aunmediated$2rdamedia
=338  \\$avolume$2rdacarrier
=490  0\$aIdee/economia ;$v4
=504  \\$aIncludes bibliographical references (p. 109-112) and index.
=650  \0$aEconomics$xReligious aspects$xChristianity.
=650  \0$aMonasticism and religious aspects$xEconomic aspects$xHistory.
=700  1\$aSmerilli, Alessandra.
=852  41$aBritish Library$bHMNTS$jYF.2011.a.14298
=856  42$uhttp://digital.casalini.it/9788831101615
=856  41$3Table of contents only$uhttp://www.loc.gov/catdir/toc/casalini08/10807985.pdf
=856  41$uhttp://digital.casalini.it/9788831101615
=CAT  \\$a11375$b40$c20101214$lBLL01$h1139
=CAT  \\$a7483$b40$c20110624$lBLL01$h1553
=CAT  \\$aW2308-1659$c20230923$lBLL01$h1103
=FIN  \\$aY$d20110624
=FMT  \\$a  BK
=LAS  \\$aW2308-1659$b00$c20230923$lBLL01$h1103
=SID  \\$aZ39$bOCLC
=SRC  \\$aBLL02

