=LDR  02178cam a2200565 a 4500
=001  015717792
=003  Uk
=005  20110223124147.0
=008  101008s2009\\\\it\a\\\\\b\\\\001\0\ita\d
=020  \\$a9788859606185
=020  \\$a8859606187
=035  \\$a(OCoLC)0664672817
=035  \\$a(ItFiC)it10850899
=035  \\$a(OCoLC)680231971
=040  \\$aItFiC$beng$cN15$dUk
=041  0\$aita$alat
=042  \\$aukblsr
=050  14$aPA8585.V215$bA6 2009
=100  1\$aValla, Lorenzo,$d1407-1457.
=240  10$aAd Alfonsum regem epistola de duobus Tarquiniis
=245  10$aLaurentii Valle Ad Alfonsum regem epistola de duobus Tarquiniis ; Confutationes in Benedictum Morandum /$ca cura di Francesco Lo Monaco.
=246  30$aConfutationes in Benedictum Morandum
=260  \\$aFirenze :$bPolistampa,$cc2009.
=300  \\$a280 p. :$bill. ;$c25 cm.
=336  \\$atext$2rdacontent
=337  \\$aunmediated$2rdamedia
=338  \\$avolume$2rdacarrier
=490  0\$aEdizione nazionale delle opere di Lorenzo Valla. 3, Opere storico-politiche ;$v4/6
=504  \\$aIncludes bibliographical references and indexes.
=530  \\$aAlso available via the Internet.
=546  \\$aOriginal texts in Latin; critical matter in Italian.
=600  00$aLivy.$tAb urbe condita.
=600  10$aTarquinius Priscus, Lucius,$cKing of Rome,$dactive 616 B.C.-579 B.C.
=600  10$aTarquinius Superbus, Lucius,$cKing of Rome,$dactive 534 B.C.-510 B.C.
=651  \0$aRome$xKings and rulers.
=700  1\$aLo Monaco, Francesco.
=700  12$aValla, Lorenzo,$d1407-1457.$tConfutationes in Benedictum Morandum.
=852  41$aBritish Library$bHMNTS$jYF.2011.a.5113
=856  41$3Table of contents$uhttp://www.ilibri.casalini.it/toc/10850899.pdf
=856  41$uhttp://digital.casalini.it/9788859606185
=985  \\$aRecord amended for WR# 13/070
=CAT  \\$a11375$b40$c20101216$lBLL01$h0954
=CAT  \\$a5521$b40$c20110223$lBLL01$h1241
=CAT  \\$aWR13_070$b00$c20130504$lBLL01$h0329
=CAT  \\$aW2308-1659$c20230923$lBLL01$h1103
=FIN  \\$aY$d20110223
=FMT  \\$a  BK
=LAS  \\$aW2308-1659$b00$c20230923$lBLL01$h1103
=SID  \\$aZ39$bLOC
=SID  \\$aZ39$bOCLC

