=LDR  01650 am a2200433 a 4500
=001  015750435
=003  Uk
=005  20110614141622.0
=008  110225s2010\\\\it\\\\\\\b\\\\101\0\ita\d
=010  \\$a2011365581
=020  \\$a9788859608295 (pbk.) :$c20.00 EUR
=035  \\$a(ItFiC)it 11007257
=040  \\$aItFiC$beng$cItFiC$dDLC$dUk
=042  \\$aukblsr
=043  \\$ae-it---
=050  00$aNX552.F56$bC65 2009
=245  00$aFirenze futurista, 1909-1920 :$batti del Convegno di studi, Firenze, 15-16 maggio 2009 /$ca cura di Gloria Manghetti.
=260  \\$aFirenze :$bPolistampa,$cc2010.
=300  \\$a260 p. ;$c21 cm.
=336  \\$atext$2rdacontent
=337  \\$aunmediated$2rdamedia
=338  \\$avolume$2rdacarrier
=500  \\$aAt head of title: Fondazione Primo Conti, Centro di documentazione e ricerche sulle avanguardie storiche.
=504  \\$aIncludes bibliographical references and index.
=650  \0$aFuturism (Art)$zItaly$zFlorence$vCongresses.
=650  \0$aFuturism (Literary movement)$zItaly$zFlorence$vCongresses.
=651  \0$aFlorence (Italy)$xIntellectual life$y20th century$vCongresses.
=700  1\$aManghetti, Gloria.
=710  2\$aFondazione Primo Conti.
=852  41$aBritish Library$bHMNTS$jYF.2011.a.13549
=856  41$3Table of contents only$uhttp://www.loc.gov/catdir/toc/casalini09/11007257.pdf
=856  41$uhttp://digital.casalini.it/9788856408295
=CAT  \\$a5918$b40$c20110210$lBLL01$h0904
=CAT  \\$a5521$b40$c20110614$lBLL01$h1414
=CAT  \\$a5521$b40$c20110614$lBLL01$h1416
=FIN  \\$aY$d20110614
=FMT  \\$a  BK
=LAS  \\$a5521$b40$c20110614$lBLL01$h1416
=SID  \\$aZ39$bLOC

