=LDR  01568cam a2200469 a 4500
=001  015796675
=003  Uk
=005  20120508152629.0
=008  110320s2011\\\\it\\\\\\\b\\\\001\0\ita\d
=010  \\$a2011365837
=020  \\$a8860321409
=020  \\$a9788860321404 (pbk.) :$c18.00 EUR
=020  \\$a8860321409 (pbk.)
=035  \\$a(OCoLC)707959231
=035  \\$a(ItFiC)it 11004096
=040  \\$aItFiC$beng$cItFiC$dDLC$dUk
=042  \\$aukblsr
=043  \\$ae-it---
=045  \\$aw1w9
=050  00$aPQ4710$b.T27 2011
=100  1\$aTarani, Tommaso.
=245  13$aIl velo e la morte :$bsaggio su Leopardi /$cTommaso Tarani.
=260  \\$aFirenze :$bSocietà editrice fiorentina,$cc2011.
=300  \\$a295 p. ;$c24 cm.
=336  \\$atext$2rdacontent
=337  \\$aunmediated$2rdamedia
=338  \\$avolume$2rdacarrier
=490  0\$aQuaderni Aldo Palazzeschi,$x1721-8543 ;$vnuova ser., 26
=504  \\$aIncludes bibliographical references and index.
=530  \\$aAlso available via the Internet.
=600  10$aLeopardi, Giacomo,$d1798-1837$xCriticism and interpretation.
=852  41$aBritish Library$bHMNTS$jZF.9.a.481(26)
=856  41$3Table of contents only$uhttp://www.loc.gov/catdir/toc/casalini09/11004096.pdf
=856  41$uhttp://digital.casalini.it/9788860321404
=CAT  \\$a8197$b40$c20110421$lBLL01$h1414
=CAT  \\$a5521$b40$c20110603$lBLL01$h1131
=CAT  \\$a7233$b40$c20120508$lBLL01$h1526
=FIN  \\$aY$d20110603
=FMT  \\$a  BK
=LAS  \\$a7233$b40$c20120508$lBLL01$h1526
=SID  \\$aZ39$bOCLC
=SID  \\$aZ39$bLOC

