=LDR  01605 am a2200469 a 4500
=001  015796694
=003  Uk
=005  20110624144222.0
=008  110311s2011\\\\it\\\\\\\b\\\\001\0\ita\d
=010  \\$a  2011365750
=020  \\$a9788860321411 (pbk.)
=020  \\$a8860321417 (pbk.)
=035  \\$a(OCoLC)707459640
=035  \\$a(ItFiC)it 11004088
=040  \\$aItFiC$beng$cItFiC$dDLC$dUk
=042  \\$aukblsr
=043  \\$ae-it---
=045  \\$ax0x4
=050  00$aPQ4835.A18$bZ585 2011
=082  14$a853$221
=100  1\$aCangiano, Mimmo.
=245  12$aL'uno e il molteplice nel giovane Palazzeschi, 1905-1915 /$cMimmo Cangiano.
=260  \\$aFirenze :$bSocietà editrice fiorentina,$cc2011.
=300  \\$a220 p. ;$c24 cm.
=336  \\$atext$2rdacontent
=337  \\$aunmediated$2rdamedia
=338  \\$avolume$2rdacarrier
=490  0\$aQuaderni Aldo Palazzeschi,$x1721-8543 ;$vnuova ser., 25
=504  \\$aIncludes bibliographical references (p. [211]-215) and index.
=600  10$aPalazzeschi, Aldo,$d1885-1974$xCriticism and interpretation.
=600  10$aPalazzeschi, Aldo,$d1885-1974$xPhilosophy.
=852  41$aBritish Library$bHMNTS$jZF.9.a.481(25)
=856  42$uhttp://digital.casalini.it/9788860321411
=856  41$3Table of contents only$uhttp://www.loc.gov/catdir/toc/casalini09/11004088.pdf
=856  41$uhttp://digital.casalini.it/9788860321411
=CAT  \\$a8197$b40$c20110421$lBLL01$h1421
=CAT  \\$a7483$b40$c20110624$lBLL01$h1442
=FIN  \\$aY$d20110624
=FMT  \\$a  BK
=LAS  \\$a7483$b40$c20110624$lBLL01$h1442
=SID  \\$aZ39$bOCLC
=SRC  \\$aBLL02

