=LDR  01549 am a22003977a 4500
=001  015900457
=003  Uk
=005  20111024110020.0
=008  110206s2010\\\\it\\\\\\\\\\\\000\0\ita\d
=020  \\$a9788859608646
=020  \\$a8859608643
=035  \\$a(OCoLC)712638068
=040  \\$aItFiC$cZCU$dUk
=042  \\$aukblderived
=043  \\$ae-it---
=050  14$aNA9204.T8$bR86 2010
=100  1\$aRupi, Pier Lodovico.
=245  10$aCome fu contrastato lo sfascio urbanistico in Toscana /$cdi Pier Lodovico Rupi ; e note conclusive di Gian Franco Di Pietro.
=260  \\$aFirenze :$bPolistampa,$cc2010.
=300  \\$a95 p. ;$c24 cm.
=336  \\$atext$2rdacontent
=337  \\$aunmediated$2rdamedia
=338  \\$avolume$2rdacarrier
=500  \\$aAt head of title: Toscana 1972-1993, La Commissione regionale urbanistica, resoconto di una esperienza.
=610  10$aTuscany (Italy).$bCommissione regionale tecnico amministrativa.$bSezione urbanistica e beni ambientali.
=650  \0$aCity planning$zItaly$zTuscany$xHistory$y20th century.
=710  1\$aTuscany (Italy).$bCommissione regionale tecnico amministrativa.$bSezione urbanistica e beni ambientali.
=852  41$aBritish Library$bHMNTS$jYF.2011.a.23097
=856  42$3TOC$uhttp://www.ilibri.casalini.it/toc/10882359.pdf
=856  42$uhttp://digital.casalini.it/9788859608646
=CAT  \\$a11375$b40$c20110928$lBLL01$h0901
=CAT  \\$a11002$b40$c20111024$lBLL01$h1100
=FIN  \\$aY$d20111024
=FMT  \\$a  BK
=LAS  \\$a11002$b40$c20111024$lBLL01$h1100
=SID  \\$aZ39$bOCLC

