=LDR  01735cam a22004334a 4500
=001  015900757
=003  Uk
=005  20230222094632.0
=008  110121s2010\\\\it\a\\\\\bc\\\000\0\ita\d
=010  \\$a  2011365196
=020  \\$a9788849133769 :$c10.00 EUR
=035  \\$a(ItFiC)it 10866973
=040  \\$aItFiC$cItFiC$dDLC$dUk
=042  \\$aukblderived
=043  \\$ae-it---
=050  00$aLF3282$b.S78 2010
=245  04$aGli studenti dell'Università di Bologna dal fascismo alla liberazione :$bAula magna dell'Università di Bologna, 21 aprile 2010 /$ccatalogo della mostra a cura di Paola Dessì e Pier Paolo Zannoni.
=260  \\$aBologna :$bCLUEB,$cc2010.
=300  \\$a75 p. :$bill. (chiefly col.) ;$c21 cm.
=336  \\$atext$2rdacontent
=337  \\$aunmediated$2rdamedia
=338  \\$avolume$2rdacarrier
=504  \\$aIncludes bibliographical references.
=610  20$aUniversità di Bologna$xHistory$y20th century$vExhibitions.
=610  20$aUniversità di Bologna$xStudents$vExhibitions.
=650  \0$aCollege students$xPolitical activity$zItaly$zBologna$xHistory$y20th century$vExhibitions.
=650  \0$aFascism and education$zItaly$zBologna$xHistory$y20th century$vExhibitions.
=700  1\$aDessì, Paola,$d1970-
=700  1\$aZannoni, Pier Paolo.
=852  41$aBritish Library$bHMNTS$jYF.2011.a.23054
=856  41$3Table of contents only$uhttp://www.loc.gov/catdir/toc/casalini09/10866973.pdf
=856  41$uhttp://digital.casalini.it/9788849133769
=CAT  \\$a11375$b40$c20110928$lBLL01$h1406
=CAT  \\$a11131$b40$c20111025$lBLL01$h0816
=CAT  \\$a8250$b40$c20230222$lBLL01$h0946
=FIN  \\$aY$d20111025
=FMT  \\$a  BK
=LAS  \\$a8250$b40$c20230222$lBLL01$h0946
=SRC  \\$aBLL02

