=LDR  01747 am a2200493 a 4500
=001  016016223
=003  Uk
=005  20120413170548.0
=008  110829s2010\\\\it\a\\\\\b\\\\000\0\ita\d
=020  \\$a9788875472931 (pbk.)
=020  \\$a8875472939 (pbk.)
=035  \\$a(ItFiC)it11004266
=035  \\$a(OCoLC)748343779
=040  \\$aC3L$beng$cC3L$dHTV$dZCU$dUk
=042  \\$aukblsr
=043  \\$ae-fr---$ae-it---
=045  \\$ao0s9
=050  \4$aRA989.I6$bP54 2010
=100  1\$aLusso, Enrico.
=245  10$aDomus hospitales :$bricoveri per viandanti e poveri nei territori subalpini percorsi dalla strada di Francia, secoli XI-XV /$cEnrico Lusso.
=250  \\$a1. ed.
=260  \\$aTorino :$bM. Valerio,$c2010.
=300  \\$a460 p. :$bill. ;$c20 cm.
=336  \\$atext$2rdacontent
=337  \\$aunmediated$2rdamedia
=338  \\$avolume$2rdacarrier
=490  1\$aStoria della cultura materiale ;$v5
=500  \\$aRevised and enlarged thesis (di laurea)--1998.
=504  \\$aIncludes bibliographical references.
=650  \0$aHospitals, Medieval$zItaly$zPiedmont$xHistory.
=650  \0$aHospital architecture$zItaly$zPiedmont$xHistory.
=651  \0$aPilgrims and pilgrimages$zItaly$zPiedmont$xHistory.
=651  \0$aStrada di Francia (Italy and France)$xHistory.
=830  \0$aStoria della cultura materiale ;$v5.
=852  41$aBritish Library$bHMNTS$jYF.2012.a.9933
=856  42$uhttp://digital.casalini.it/9788875472931
=856  42$3TOC$uhttp://www.ilibri.casalini.it/toc/11004266.pdf
=CAT  \\$a11375$b40$c20120125$lBLL01$h1000
=CAT  \\$a11342$b40$c20120413$lBLL01$h1705
=FIN  \\$aY$d20120413
=FMT  \\$a  BK
=LAS  \\$a11342$b40$c20120413$lBLL01$h1705
=SID  \\$aZ39$bLOC
=SID  \\$aZ39$bOCLC

