=LDR  01723 am a2200493 a 4500
=001  016016597
=003  Uk
=005  20120322125238.0
=008  110218s2010\\\\it\a\\\\\b\\\\000\0\ita\d
=020  \\$a9788875472436 (pbk.)
=020  \\$a8875472432 (pbk.)
=035  \\$a(ItFiC)it11004347
=035  \\$a(OCoLC)706457747
=040  \\$aNNU$beng$cN15$dC3L$dZCU$dUk
=042  \\$aukblsr
=043  \\$ae-it---
=050  \4$aND623.M486$bA4 2010
=100  1\$aMoretti, Viviana.
=245  13$aIl maestro di Cercenasco :$bluce e colore in pittura nel Piemonte del XV secolo /$cViviana Moretti.
=250  \\$a1 ed.
=260  \\$aTorino :$bM. Valerio,$c2010.
=300  \\$a265 p. :$bill. (some col.) ;$c28 cm.
=336  \\$atext$2rdacontent
=337  \\$aunmediated$2rdamedia
=338  \\$avolume$2rdacarrier
=504  \\$aIncludes bibliographical references (p. 249-261).
=600  00$aMaestro di Cercenasco,$dactive 1490-1520.
=650  \0$aChristian art and symbolism$zItaly$zPiedmont.
=650  \0$aPainting, Italian$zItaly$zPiedmont$y15th century.
=650  \0$aPainting, Renaissance$zItaly$zPiedmont.
=852  41$aBritish Library$bHMNTS$jYF.2012.b.770
=856  42$3TOC$uhttp://www.ilibri.casalini.it/toc/11004347.pdf
=856  42$uhttp://digital.casalini.it/9788875472436
=985  \\$aRecord amended for WR# 13/070
=CAT  \\$a11375$b40$c20120125$lBLL01$h1436
=CAT  \\$a11342$b40$c20120322$lBLL01$h1251
=CAT  \\$a11342$b40$c20120322$lBLL01$h1252
=CAT  \\$aWR13_070$b00$c20130504$lBLL01$h0336
=CAT  \\$aBATCH-UPD$b00$c20171220$lBLL01$h1724
=FIN  \\$aY$d20120322
=FMT  \\$a  BK
=LAS  \\$aBATCH-UPD$b00$c20171220$lBLL01$h1724
=SID  \\$aZ39$bLOC
=SID  \\$aZ39$bOCLC

