=LDR  01584 am a22004577a 4500
=001  016112562
=003  Uk
=005  20120724092230.0
=008  110404s2011\\\\it\a\\\\\\\\\\000\0\ita\d
=020  \\$a9788856401448
=020  \\$a8856401444
=035  \\$a(OCoLC)711514674
=040  \\$aC3L$beng$cC3L$dOCLCQ$dZCU$dUk
=042  \\$aukblderived
=043  \\$ae-it---
=045  \\$at0u9$av0w1$aw1w9$ax0x4$ax4x-
=050  14$aDG734$b.S33 2011
=082  04$a914$221
=100  1\$aScarlini, Luca,$d1966-
=245  10$aRitratti dimenticati :$bprofili di scrittori e artisti a Firenze dal mondo /$cLuca Scarlini.
=260  \\$aFirenze :$bPolistampa,$c2011.
=300  \\$a71 p. :$bill. ;$c17 cm.
=336  \\$atext$2rdacontent
=337  \\$aunmediated$2rdamedia
=338  \\$avolume$2rdacarrier
=490  1\$aLe non guide ;$v3
=500  \\$aCollected writings prev. publ. in the local newspaper Corriere Fiorentino.
=500  \\$aFlorence (Tuscany).
=500  \\$aElectronic ed. avail. at the URL: http: / / digital.casalini.it/ 9788856401448.
=650  \0$aVisitors, Foreign$zItaly$zFlorence$xHistory.
=651  \0$aFlorence (Italy)$xDescription and travel.
=830  \0$aNon guide ;$v3.
=852  41$aBritish Library$bHMNTS$jYF.2012.a.21105
=856  42$uhttp://digital.casalini.it/9788856401448
=856  42$3TOC$uhttp://www.ilibri.casalini.it/toc/11920513.pdf
=CAT  \\$a5181$b40$c20120627$lBLL01$h1120
=CAT  \\$a11131$b40$c20120724$lBLL01$h0922
=FIN  \\$aY$d20120724
=FMT  \\$a  BK
=LAS  \\$a11131$b40$c20120724$lBLL01$h0922
=SID  \\$aZ39$bOCLC

