=LDR  01319 am a22004097a 4500
=001  016132199
=003  Uk
=005  20120810083746.0
=008  110225s2010\\\\it\\\\\\\b\\\\000\0\ita\d
=010  \\$a2011365564
=020  \\$a9788849134117
=020  \\$a8849134118
=035  \\$a(OCoLC)704509869
=040  \\$aItFiC$cC3L$dDLC$dCGU$dZCU$dUk
=042  \\$aukblderived
=050  00$aTR860$b.B4155 2010
=100  1\$aBarbeni, Luca,$d1976-
=245  10$aFino alla fine del cinema /$cLuca Barbeni.
=260  \\$aBologna :$bCLUEB,$cc2010.
=300  \\$a123 p. ;$c24 cm.
=336  \\$atext$2rdacontent
=337  \\$aunmediated$2rdamedia
=338  \\$avolume$2rdacarrier
=490  1\$aMediaversi ;$v12
=504  \\$aIncludes bibliographical references (p. [125]).
=650  \0$aDigital cinematography.
=830  \0$aMediaversi ;$v12.
=852  41$aBritish Library$bHMNTS$jYF.2012.a.23122
=856  41$3Table of contents only$uhttp://catdir.loc.gov/catdir/toc/casalini09/11051914.pdf
=856  41$uhttp://digital.casalini.it/9788849134117
=856  42$3TOC$uhttp://www.ilibri.casalini.it/toc/11051914.pdf
=CAT  \\$a11131$b40$c20120725$lBLL01$h0900
=CAT  \\$a10904$b40$c20120810$lBLL01$h0837
=FIN  \\$aY$d20120810
=FMT  \\$a  BK
=LAS  \\$a10904$b40$c20120810$lBLL01$h0837
=SID  \\$aZ39$bOCLC

