=LDR  02078 am a2200565 a 4500
=001  016132222
=003  Uk
=005  20121003125315.0
=008  110328s2010\\\\it\\\\\\\b\\\\001\0\ita\\
=010  \\$a  2010477275
=020  \\$a9788860321497 (pbk.)
=020  \\$a8860321492 (pbk.)
=035  \\$a(OCoLC)703207585
=035  \\$a(OCoLC)0703207585
=035  \\$a(ItFiC)it11969593
=040  \\$aDLC$cDLC$dUk
=042  \\$aukblsr
=043  \\$ae-it---
=045  \\$ao0s9
=050  00$aPQ4631.M4$bP65 2010
=084  \\$a18.29$2bcl
=100  1\$aPolcri, Alessandro,$d1967-
=245  10$aLuigi Pulci e la chimera :$bstudi sull'allegoria nel Morgante /$cAlessandro Polcri.
=260  \\$aFirenze :$bSocietà editrice fiorentina,$cc2010.
=300  \\$axxvi, 299 p. ;$c20 cm.
=336  \\$atext$2rdacontent
=337  \\$aunmediated$2rdamedia
=338  \\$avolume$2rdacarrier
=490  1\$aBiblioteca di letteratura ;$v19
=500  \\$aElectronic ed. also avail. at the URL: http: / / digital.casalini.it/ 9788860321497.
=504  \\$aIncludes bibliographical references (p. [251]-285) and index.
=600  10$aPulci, Luigi,$d1432-1484.$tMorgante.
=630  37$aIl Morgante maggiore.$2swd
=650  07$aAllegorie.$2swd
=650  17$aMorgante maggiore (Pulci)$2gtt
=776  08$iOnline version:$aPolcri, Alessandro, 1967-$tLuigi Pulci e la chimera.$w(OCoLC)742459945$dFirenze : Società editrice fiorentina, c2010
=830  \0$aBiblioteca di letteratura (Società editrice fiorentina) ;$v19.
=852  41$aBritish Library$bHMNTS$jYF.2012.a.28318
=856  42$3TOC$uhttp://www.ilibri.casalini.it/toc/11969593.pdf
=856  42$uhttp://digital.casalini.it/9788860321497
=CAT  \\$a11131$b40$c20120725$lBLL01$h0919
=CAT  \\$a11342$b40$c20121001$lBLL01$h1750
=CAT  \\$a11342$b40$c20121003$lBLL01$h1253
=CAT  \\$aBATCH-UPD$b40$c20150827$lBLL01$h2044
=CAT  \\$aBATCH-UPD$b40$c20190909$lBLL01$h1108
=FIN  \\$aY$d20121001
=FMT  \\$a  BK
=LAS  \\$aBATCH-UPD$b40$c20190909$lBLL01$h1108
=SID  \\$aZ39$bOCLC
=SRC  \\$aBLL02

