=LDR  01777cam a22004937a 4500
=001  016132934
=003  Uk
=005  20120818085941.0
=008  110218s2010\\\\it\ab\\\\b\\\\000\0\ita\d
=010  \\$a2011365526
=020  \\$a9788864531885
=020  \\$a8864531882
=035  \\$a(OCoLC)703207157
=040  \\$aItFiC$cC3L$dDLC$dZCU$dUk
=042  \\$aukblderived
=043  \\$ae-it---
=045  \\$ad4i-$aj0n9$ao0s9
=050  00$aNA9204.F6$bS23 2010
=082  14$a711$221
=100  1\$aScampoli, Emiliano.
=245  10$aFirenze, archeologia di una città, secoli I a.C.-XIII d.C /$cEmiliano Scampoli.
=260  \\$aFirenze :$bFirenze University Press,$c2010.
=300  \\$axiii, 330 p. :$bill., maps ;$c24 cm.
=336  \\$atext$2rdacontent
=337  \\$aunmediated$2rdamedia
=338  \\$avolume$2rdacarrier
=490  1\$aStrumenti per la didattica e la ricerca ;$v107
=504  \\$aIncludes bibliographical references (p. [303]-324).
=650  \0$aCity planning$zItaly$zFlorence$xHistory$yTo 1500.
=650  \0$aArchitecture$zItaly$zFlorence$xHistory.
=650  \0$aArchaeology, Medieval$zItaly$zFlorence.
=651  \0$aFlorence (Italy)$xAntiquities.
=830  \0$aStrumenti per la didattica e la ricerca ;$v107.
=852  41$aBritish Library$bHMNTS$jYF.2012.a.23975
=856  41$3Table of contents only$uhttp://catdir.loc.gov/catdir/toc/casalini09/10884416.pdf
=856  41$uhttp://digital.casalini.it/9788864531908
=856  42$3TOC$uhttp://www.ilibri.casalini.it/toc/10884416.pdf
=CAT  \\$a11131$b40$c20120726$lBLL01$h0921
=CAT  \\$a11131$b40$c20120818$lBLL01$h0859
=CAT  \\$aBATCH-UPD$b40$c20220518$lBLL01$h2210
=FIN  \\$aY$d20120818
=FMT  \\$a  BK
=LAS  \\$aBATCH-UPD$b40$c20220518$lBLL01$h2210
=SID  \\$aZ39$bOCLC

