=LDR  02669cam a2200637 a 4500
=001  016133004
=003  Uk
=005  20120926112215.0
=008  110314s2010\\\\it\ab\\\\b\\\\100\0\eng\\
=010  \\$a2010477294
=020  \\$a9788864531342 (print)
=020  \\$a8864531343 (print)
=020  \\$z9788864531403 (online)
=035  \\$a(OCoLC)703207148
=040  \\$aDLC$cDLC$dC3L$dCOO$dZCU$dLRU$dUk
=041  0\$aeng$aita
=042  \\$aukblcatcopy
=043  \\$aa-cy---
=050  00$aDS54.3$b.R47 2010
=082  14$a939$221
=245  00$aResearches in Cypriote history and archaeology :$bproceedings of the meeting held in Florence, April 29-30th 2009 /$cedited by Anna Margherita Jasink, Luca Bombardieri.
=246  3\$aResearches in Cypriot history and archaeology
=246  3\$aResearches in Cypriot history and archeology
=246  30$aCypriote history and archaeology
=260  \\$aFirenze :$bFirenze University Press,$c2010.
=300  \\$aix, 187 p. :$bill., maps ;$c26 cm.
=336  \\$atext$2rdacontent
=337  \\$aunmediated$2rdamedia
=338  \\$avolume$2rdacarrier
=490  1\$aPeriploi
=490  1\$aAtti ;$v28
=500  \\$aChiefly papers presented at the conference, with two additional articles.
=500  \\$aVarious individual components of the conference were hosted at different institutions in Florence, but the conference events were chiefly held at the Università degli studi di Firenze.
=504  \\$aIncludes bibliographical references.
=530  \\$aAlso available in electronic format.
=546  \\$aForeword and 6 contributions in English, 9 in Italian; the discussion points reported at the conclusion of the book are partially in English and partially in Italian.
=650  \0$aExcavations (Archaeology)$zCyprus$vCongresses.
=650  \0$aBronze age$zCyprus$vCongresses.
=650  \0$aIron age$zCyprus$vCongresses.
=651  \0$aCyprus$xAntiquities$vCongresses.
=700  1\$aJasink, Anna Margherita.
=700  1\$aBombardieri, Luca.
=710  2\$aUniversità di Firenze.
=830  \0$aPeriploi.
=830  \0$aAtti (Firenze University Press) ;$v28.
=852  41$aBritish Library$bHMNTS$jYF.2012.b.2216
=856  41$3Table of contents only$uhttp://catdir.loc.gov/catdir/toc/fy11pdf04/2010477294.html
=856  42$uhttp://digital.casalini.it/9788864531403
=856  42$3TOC$uhttp://www.ilibri.casalini.it/toc/10880747.pdf
=CAT  \\$a11131$b40$c20120726$lBLL01$h1024
=CAT  \\$a5703$b40$c20120926$lBLL01$h1122
=CAT  \\$aBATCH-UPD$b40$c20220403$lBLL01$h2101
=FIN  \\$aY$d20120926
=FMT  \\$a  BK
=LAS  \\$aBATCH-UPD$b40$c20220403$lBLL01$h2101
=SID  \\$aZ39$bOCLC

