=LDR  01937 am a22005297a 4500
=001  016133048
=003  Uk
=005  20120810133828.0
=008  110304s2011\\\\it\\\\\\\b\\\\001\0dita\d
=010  \\$a2011365727
=020  \\$a9788880636632
=020  \\$a8880636634
=035  \\$a(OCoLC)706410393
=040  \\$aItFiC$cC3L$dDLC$dCGU$dHLS$dZCU$dUk
=042  \\$aukblderived
=043  \\$ae-it---
=045  \\$ax4x-
=050  00$aPN1998.3.M374$bT33 2011
=082  14$a791$221
=100  1\$aTabanelli, Roberta.
=245  13$aI "pori" di Napoli :$bil cinema di Mario Martone, Antonio Capuano e Pappi Corsicato /$cRoberta Tabanelli.
=260  \\$aRavenna :$bLongo,$cc2011.
=300  \\$a190 p. ;$c24 cm.
=336  \\$atext$2rdacontent
=337  \\$aunmediated$2rdamedia
=338  \\$avolume$2rdacarrier
=490  1\$aIl portico ;$v154.$aSezione Materiali letterari
=504  \\$aIncludes bibliographical references (p. [175]-184) and index.
=600  10$aMartone, Mario,$d1959-$xCriticism and interpretation.
=600  10$aCapuano, Antonio,$d1945-$xCriticism and interpretation.
=600  10$aCorsicato, Pappi,$d1960-$xCriticism and interpretation.
=650  \0$aMotion pictures$zItaly$zNaples.
=651  \0$aNaples (Italy)$xIn motion pictures.
=830  \0$aPortico ;$v154.
=830  \0$aPortico.$pSezione Materiali letterari.
=852  41$aBritish Library$bHMNTS$jYF.2012.a.23027
=856  41$3Table of contents only$uhttp://catdir.loc.gov/catdir/toc/casalini09/11960892.pdf
=856  41$uhttp://digital.casalini.it/9788880636632
=856  42$3TOC$uhttp://www.ilibri.casalini.it/toc/11960892.pdf
=CAT  \\$a11131$b40$c20120726$lBLL01$h1055
=CAT  \\$a10904$b40$c20120810$lBLL01$h1337
=CAT  \\$a10904$b40$c20120810$lBLL01$h1338
=CAT  \\$aBATCH-UPD$b40$c20180428$lBLL01$h1720
=FIN  \\$aY$d20120810
=FMT  \\$a  BK
=LAS  \\$aBATCH-UPD$b40$c20180428$lBLL01$h1720
=SID  \\$aZ39$bOCLC

