=LDR  01651 am a2200445 a 4500
=001  016164613
=003  Uk
=005  20121017113255.0
=008  110325s2010\\\\it\a\\\\\b\\\\001\0dita\d
=010  \\$a  2011365926
=020  \\$a9788864531946 :$c17.90 EUR
=035  \\$a(ItFiC)it 10882189
=040  \\$aItFiC$cItFiC$dDLC$dUk
=042  \\$aukblcatcopy
=043  \\$ae-it---
=050  00$aD811$b.R4954 2010
=100  1\$aRicciardi, Elisabetta,$d1961-
=245  10$aVita sotto le armi, vita clandestina :$bcronaca e silenzio nei diari di un ufficiale : 1940-1943 /$cElisabetta Ricciardi.
=260  \\$aFirenze :$bFirenze University Press,$c2010.
=300  \\$a223 p. :$bill. ;$c24 cm.
=336  \\$atext$2rdacontent
=337  \\$aunmediated$2rdamedia
=338  \\$avolume$2rdacarrier
=490  0\$aFonti storiche e letterarie. Edizioni cartacee e digitali ;$v28
=500  \\$aIncludes diaries by Carlo Ricciardi.
=504  \\$aIncludes bibliographical references and index.
=600  10$aRicciardi, Carlo,$d1916-1966$vDiaries.
=610  10$aItaly.$bEsercito.$bCavalleria$vDiaries.
=650  \0$aWorld War, 1939-1945$vPersonal narratives, Italian.
=650  \0$aSoldiers$zItaly$vDiaries.
=700  1\$aRicciardi, Carlo,$d1916-1966.
=852  41$aBritish Library$bHMNTS$jYF.2012.a.29764
=856  41$3Table of contents only$uhttp://www.loc.gov/catdir/toc/casalini09/10882189.pdf
=856  41$uhttp://digital.casalini.it/9788864531977
=CAT  \\$a5181$b40$c20120905$lBLL01$h1201
=CAT  \\$a5703$b40$c20121017$lBLL01$h1132
=FIN  \\$aY$d20121017
=FMT  \\$a  BK
=LAS  \\$a5703$b40$c20121017$lBLL01$h1132
=SRC  \\$aBLL02

