=LDR  01498 am a22004457a 4500
=001  016259457
=003  Uk
=005  20130221095229.0
=008  080721s2008\\\\it\a\\\\\\\\\\001\0bita\d
=020  \\$a9788856300147
=020  \\$a8856300141
=035  \\$a(OCoLC)234368122
=040  \\$aC3L$beng$cC3L$dBTCTA$dZCU$dOCLCQ$dUk
=042  \\$aukblderived
=043  \\$ae-it---
=045  \\$ao0s9$at0u9
=050  14$aDG736.5$b.C43 2008
=082  04$a709$221
=100  1\$aCenci, Giuliano.
=245  10$aFirenze segreta :$bcuriosità, fatti divertenti, notizie interessanti, aneddoti e verità nascoste sui più grandi artisti e monumenti di Firenze antica /$cGiuliano Cenci.
=260  \\$aFirenze :$bSarnus,$c2008.
=300  \\$a187 p. :$bill. ;$c21 cm.
=336  \\$atext$2rdacontent
=337  \\$aunmediated$2rdamedia
=338  \\$avolume$2rdacarrier
=490  1\$aToscani super DOC ;$v3
=500  \\$aIncludes index.
=500  \\$aFlorence (Tuscany).
=650  \0$aCuriosities and wonders$zItaly$zFlorence.
=651  \0$aFlorence (Italy)$xHistory$vAnecdotes.
=830  \0$aToscani super DOC ;$v3.
=852  41$aBritish Library$bHMNTS$jYF.2013.a.3520
=856  42$3TOC$uhttp://www.ilibri.casalini.it/toc/08242399.pdf
=856  42$uhttp://digital.casalini.it/9788856300147
=CAT  \\$a9701$b40$c20130125$lBLL01$h1348
=CAT  \\$a11002$b40$c20130221$lBLL01$h0952
=FIN  \\$aY$d20130221
=FMT  \\$a  BK
=LAS  \\$a11002$b40$c20130221$lBLL01$h0952
=SID  \\$aZ39$bOCLC

