=LDR  02162 am a2200481 a 4500
=001  016450472
=003  Uk
=005  20130807134605.0
=008  130712s2013\\\\it\ab\\\\ab\\\100\0\ita\d
=010  \\$a  2013381991
=020  \\$a9788866553663 :$c65.00 EUR
=035  \\$a(ItFiC)it 13706500
=040  \\$aItFiC$cItFiC$dDLC$dUk
=041  0\$aita$aeng$afre$aspa$bita$beng$bfre$bspa
=042  \\$aukblderived
=043  \\$ae------
=050  00$aHV238$b.I78 2012
=110  2\$aIstituto internazionale di storia economica F. Datini.$bSettimana di studio$n(44th :$d2012 :$cPrato, Italy)
=245  10$aAssistenza e solidarità in Europa, secc. XIII-XVIII =$bSocial assistance and solidarity in Europe from the 13th to the 18th centuries : atti della "quarantaquattresima Settimana di studi," 22-26 aprile 2012 /$ca cura di Francesco Ammannati.
=246  31$aSocial assistance and solidarity in Europe from the 13th to the 18th centuries
=260  \\$aPrato :$bFondazione Istituto internazionale di storia economica "F. Datini" ;$aFirenze :$bFirenze University Press,$c2013.
=300  \\$aix, 581 p. :$bill., maps ;$c24 cm.
=336  \\$atext$2rdacontent
=337  \\$aunmediated$2rdamedia
=338  \\$avolume$2rdacarrier
=490  0\$aSerie II-Atti delle "Settimane di studi" e altri convegni ;$v44
=504  \\$aIncludes bibliographical references.
=546  \\$aContributions and abstracts in Italian, English, French, and Spanish.
=650  \0$aPublic welfare$zEurope$xHistory$vCongresses.
=650  \0$aSolidarity$zEurope$xHistory$vCongresses.
=650  \0$aCharities$zEurope$xHistory$vCongresses.
=651  \0$aEurope$xSocial policy$vCongresses.
=700  1\$aAmmannati, Francesco,$d1978-
=852  41$aBritish Library$bHMNTS$jYF.2013.a.14736
=856  41$3Table of contents only$uhttp://www.loc.gov/catdir/toc/casalini11/13706500.pdf
=856  41$uhttp://digital.casalini.it/9788866551195
=CAT  \\$a8565$b40$c20130711$lBLL01$h1416
=CAT  \\$a8962$b40$c20130801$lBLL01$h1107
=CAT  \\$a5512$b40$c20130807$lBLL01$h1346
=FIN  \\$aY$d20130807
=FMT  \\$a  BK
=LAS  \\$a5512$b40$c20130807$lBLL01$h1346
=SRC  \\$aBLL02

