=LDR  01725cam a2200469 a 4500
=001  016496550
=003  Uk
=005  20220223144556.0
=008  130719s2013\\\\it\\\\\\\b\\\\001\0\eng\d
=010  \\$a  2013393090
=020  \\$a9788866553601 :$c22.00 EUR
=035  \\$a(ItFiC)it 13706527
=040  \\$aItFiC$cItFiC$dDLC$dUk
=042  \\$aukblderived
=050  00$aPQ4432.F75$bM37 2013
=082  04$a809.93353$223$qUK-WkNB
=100  10$aMasciandaro, Franco,$d1938-
=245  14$aThe stranger as friend :$bthe poetics of friendship in Homer, Dante, and Boccaccio /$cFranco Masciandaro.
=260  \\$aFirenze, Italy :$bFirenze University Press,$c2013.
=300  \\$axviii, 158 p. ;$c22 cm.
=336  \\$atext$2rdacontent
=337  \\$aunmediated$2rdamedia
=338  \\$avolume$2rdacarrier
=490  0\$aStudi e saggi ;$v117
=504  \\$aIncludes bibliographical references (p. [147]-153) and index.
=600  00$aDante Alighieri,$d1265-1321.$tDivina commedia.
=600  00$aHomer.$tIliad.
=600  10$aBoccaccio, Giovanni,$d1313-1375.$tDecamerone.
=650  \0$aFriendship in literature.
=852  41$aBritish Library$bHMNTS$jYD.2013.a.3436
=856  41$3Table of contents only$uhttp://www.loc.gov/catdir/toc/casalini11/13706527.pdf
=856  41$uhttp://digital.casalini.it/9788866553618
=985  \\$aCorrected by MS generated file for WR# 14.056
=CAT  \\$a9518$b40$c20130911$lBLL01$h1734
=CAT  \\$a11131$b40$c20131112$lBLL01$h1048
=CAT  \\$aBLSS-CORR$b00$c20140519$lBLL01$h1856
=CAT  \\$aBATCH-UPD$b00$c20150213$lBLL01$h2139
=CAT  \\$a14185$b40$c20220223$lBLL01$h1445
=FIN  \\$aY$d20131112
=FMT  \\$a  BK
=LAS  \\$a14185$b40$c20220223$lBLL01$h1445
=SRC  \\$aBLL02

