=LDR  01403 am a2200397 a 4500
=001  016497333
=003  Uk
=005  20131004084451.0
=008  130726s2013\\\\it\ab\\\\b\\\\001\0\ita\d
=010  \\$a  2013393212
=020  \\$a9788866553410 :$c15.90 EUR
=035  \\$a(ItFiC)it 13706608
=040  \\$aItFiC$cItFiC$dDLC$dUk
=042  \\$aukblderived
=043  \\$ae-it---
=050  00$aBF1584.I8$bC68 2013
=100  1\$aCorsi, Dinora.
=245  10$aDiaboliche, maledette e disperate :$ble donne nei processi per stregoneria (secoli XIV-XVI) /$cDinora Corsi.
=260  \\$aFirenze :$bFirenze University Press,$c2013.
=300  \\$ax, 166 p. :$bill. (some col.), maps ;$c22 cm.
=336  \\$atext$2rdacontent
=337  \\$aunmediated$2rdamedia
=338  \\$avolume$2rdacarrier
=490  0\$aBiblioteca di storia ;$v20
=504  \\$aIncludes bibliographical references (p. [147]-159) and index.
=650  \0$aWitchcraft$zItaly$xHistory.
=650  \0$aTrials (Witchcraft)$zItaly$xHistory.
=852  41$aBritish Library$bHMNTS$jYF.2013.a.19338
=856  41$3Table of contents only$uhttp://www.loc.gov/catdir/toc/casalini11/13706608.pdf
=856  41$uhttp://digital.casalini.it/9788866553410
=CAT  \\$a9518$b40$c20130913$lBLL01$h1358
=CAT  \\$a11131$b40$c20131004$lBLL01$h0844
=FIN  \\$aY$d20131004
=FMT  \\$a  BK
=LAS  \\$a11131$b40$c20131004$lBLL01$h0844
=SRC  \\$aBLL02

