=LDR  01653 am a22004451i 4500
=001  016629846
=003  Uk
=005  20150924100720.0
=008  150216s2013\\\\maua\\\\\\\\\\001|0|eng|d
=015  \\$aGBB5D2039$2bnb
=020  \\$a9781618113450 (hardback) :$c£49.50
=020  \\$z9781618113566 (ebook) :$cNo price
=040  \\$aStDuBDS$beng$cStDuBDS$erda
=041  1\$aeng$hpol
=042  \\$aukblsr
=082  04$a296.8341092$223
=100  1\$aGalas, Michał,$eauthor.
=245  10$aRabbi Marcus Jastrow and his vision for the reform of Judaism :$ba study in the history of Judaism in the nineteenth century /$cMichał Galas ; translated by Anna Tilles.
=264  \1$aBoston :$bAcademic Studies Press,$c2013.
=300  \\$axxxv, 244 pages :$billustrations ;$c24 cm.
=336  \\$atext$2rdacontent
=336  \\$astill image$2rdacontent
=337  \\$aunmediated$2rdamedia
=338  \\$avolume$2rdacarrier
=490  0\$aJews in Poland
=500  \\$aTranslated from the Polish.
=504  \\$aIncludes bibliographical references and index.
=600  10$aJastrow, Marcus,$d1829-1903.
=650  \0$aJudaism$xHistory$y19th century.
=852  41$aBritish Library$bHMNTS$jYF.2014.b.465
=856  41$3Table of contents only$uhttp://www.loc.gov/catdir/toc/casalini11/13015422.pdf
=856  41$uhttp://digital.casalini.it/9788866552116
=985  \\$aNETCAT record
=CAT  \\$a9518$b40$c20140212$lBLL01$h1708
=CAT  \\$a5703$b40$c20140305$lBLL01$h0913
=CAT  \\$aBATCH-SURR$b00$c20150924$lBLL01$h1004
=FIN  \\$aY$d20150924
=FMT  \\$a  BK
=LAS  \\$aBATCH-SURR$b00$c20150924$lBLL01$h1004
=SRC  \\$aNETCAT$bnetcatprn2.20150924

