=LDR  02056 am a2200565 a 4500
=001  016744954
=003  Uk
=005  20170913095124.0
=008  140123s2011\\\\it\a\\\\\b\\\\001\0bita\d
=020  \\$a9788866550174
=020  \\$a8866550175
=035  \\$a(OCoLC)865471274
=040  \\$aC3L$beng$cC3L$dEYM$dUIU$dDEBBG$dZCU$dSTH$dOCLCQ$dGBVCP$dOCLCO$dUk
=042  \\$aukblderived
=043  \\$ae-it---
=045  \\$aw1w9
=050  \4$aDG
=050  \4$aDG552.8 .C15$bT34 2011
=082  04$a945$221
=084  \\$a8,2$2ssgn
=100  1\$aTafuro, Azzurra.
=245  10$aMadre e patriota :$bAdelaide Bono Cairoli /$cAzzurra Tafuro.
=260  \\$aFirenze :$bFirenze University Press,$c2011.
=300  \\$a216 p. :$bills. ;$c24 cm.
=336  \\$atext$btxt$2rdacontent
=337  \\$aunmediated$bn$2rdamedia
=338  \\$avolume$bnc$2rdacarrier
=490  1\$aScrittura e memoria delle donne
=490  1\$aFonti storiche e letterarie ;$v30
=500  \\$aA. Bono Cairoli (1806-1871).
=500  \\$aElectronic ed. avail. at the URL: http: / / digital.casalini.it/ 9788866550174.
=504  \\$aIncludes bibliographical references and index.
=600  10$aBono Cairoli, Adelaide,$d1806-1871.
=600  30$aCairoli family.
=600  17$0(DE-601)780177541$0(DE-588)1048376729$aCairoli, Adelaide Bono,$d1807-1871.$2gnd
=650  \0$aWomen$zItaly$vBiography.
=651  \0$aItaly$xPolitics and government$y1815-1870.
=830  \0$aScrittura e memoria delle donne.
=830  \0$aFonti storiche e letterarie ;$v30.
=852  41$aBritish Library$bHMNTS$jYF.2017.a.20791
=856  41$uhttp://digital.casalini.it/9788866550174
=856  41$uhttp://www.columbia.edu/cgi-bin/cul/resolve?clio10752828.001
=856  42$3TOC$uhttp://www.columbia.edu/cgi-bin/cul/resolve?clio10752828.002
=CAT  \\$a11131$b40$c20140620$lBLL01$h0724
=CAT  \\$aBATCH-UPD$b40$c20151011$lBLL01$h2035
=CAT  \\$a11131$b40$c20170913$lBLL01$h0951
=FIN  \\$aY$d20170913
=FMT  \\$a  BK
=LAS  \\$a11131$b40$c20170913$lBLL01$h0951
=SID  \\$aZ39$bOCLC

