=LDR  01563 am a2200445 i 4500
=001  016745042
=003  Uk
=005  20140718080023.0
=008  131220s2013\\\\it\a\\\\\b\\\\001\0\ita\d
=010  \\$a  2013394829
=020  \\$a9788866553793
=020  \\$a8866553794
=035  \\$a(OCoLC)866579664
=040  \\$aItFiC$beng$cC3L$dDLC$dSTF$dOCLCO$dUk$erda
=042  \\$aukblderived
=050  00$aPN3347$b.R33 2013
=082  04$a809$221
=245  03$aIl racconto e il romanzo filosofico nella modernità /$ca cura di Anna Dolfi.
=264  \1$aFirenze, Italy :$bFirenze University Press,$c2013.
=300  \\$a455 pages :$billustrations ;$c24 cm.
=336  \\$atext$2rdacontent
=337  \\$aunmediated$2rdamedia
=338  \\$avolume$2rdacarrier
=490  1\$aModerna/ comparata ;$v2
=504  \\$aIncludes bibliographical references and index.
=650  \0$aFiction$xHistory and criticism.
=650  \0$aPhilosophy in literature.
=700  1\$aDolfi, Anna,$d1948-$eeditor of compilation.
=830  \0$aModerna/comparata ;$v2.
=852  41$aBritish Library$bHMNTS$jYF.2014.a.16733
=856  41$3Table of contents only$uhttp://catdir.loc.gov/catdir/toc/casalini12/1373119X.pdf
=856  41$uhttp://digital.casalini.it/9788866553809
=CAT  \\$a11131$b40$c20140620$lBLL01$h0929
=CAT  \\$aBATCH-UPD$b40$c20140620$lBLL01$h0929
=CAT  \\$a11131$b40$c20140718$lBLL01$h0800
=CAT  \\$aBATCH-UPD$b40$c20181219$lBLL01$h1623
=FIN  \\$aY$d20140718
=FMT  \\$a  BK
=LAS  \\$aBATCH-UPD$b40$c20181219$lBLL01$h1623
=SID  \\$aZ39$bOCLC

