=LDR  01807 am a2200481 i 4500
=001  016746311
=003  Uk
=005  20140718073615.0
=008  140221s2012\\\\it\\\\\\\b\\\\001\0dita\d
=010  \\$a  2013471441
=020  \\$a9788866553359 :$c19.90 EUR
=035  \\$a(ItFiC)it 13731149
=040  \\$aItFiC$beng$cItFiC$dDLC$dUk$erda
=042  \\$aukblderived
=043  \\$ae-it---
=050  00$aHB109.A75$bO87 2012
=100  1\$aOttonelli, Omar,$d1980-$eauthor.
=245  10$aGino Arias (1879-1940) :$bdalla storia delle istituzioni al corporativismo fascista /$cOmar Ottonelli.
=264  \1$aFirenze, Italy :$bFirenze University Press,$c2012.
=300  \\$axvi, 470 pages ;$c24 cm.
=336  \\$atext$2rdacontent
=337  \\$aunmediated$2rdamedia
=338  \\$avolume$2rdacarrier
=490  0\$aPremio Ricerca "Città di Firenze" ;$v12
=500  \\$a"Scritti di Gino Arias": pages 417-446.
=500  \\$aIncludes letters by Gino Arias to Achille Loria.
=504  \\$aIncludes bibliographical references (pages 447-455) and index.
=600  10$aArias, Gino,$d1879-1940.
=600  10$aArias, Gino,$d1879-1940$vCorrespondence.
=600  10$aLoria, Achille,$d1857-1943$vCorrespondence.
=650  \0$aEconomics$zItaly$xHistory$y20th century.
=650  \0$aLaw$zItaly$xHistoriography.
=650  \0$aEconomists$zItaly$vCorrespondence.
=650  \0$aJews$zItaly$vCorrespondence.
=852  41$aBritish Library$bHMNTS$jYF.2014.a.16544
=856  41$3Table of contents only$uhttp://www.loc.gov/catdir/toc/casalini12/13731149.pdf
=856  41$uhttp://digital.casalini.it/9788866552802
=CAT  \\$a10904$b40$c20140623$lBLL01$h1339
=CAT  \\$a11131$b40$c20140718$lBLL01$h0736
=FIN  \\$aY$d20140718
=FMT  \\$a  BK
=LAS  \\$a11131$b40$c20140718$lBLL01$h0736
=SRC  \\$aBLL02

