=LDR  01478 am a2200421 i 4500
=001  016746351
=003  Uk
=005  20140718074926.0
=008  140207s2013\\\\it\ab\\\\b\\\\000\0\eng\d
=010  \\$a  2013471281
=020  \\$a9788866554615 :$c15.90 EUR
=035  \\$a(ItFiC)it 13735373
=040  \\$aItFiC$beng$cItFiC$dDLC$dUk$erda
=042  \\$aukblderived
=043  \\$ae-it---$aa-cc---
=050  00$aDG457.C47$bP43 2013
=100  1\$aPedone, Valentina,$d1974-
=245  12$aA journey to the West :$bobservations on the Chinese migration to Italy /$cValentina Pedone.
=264  \1$aFirenze, Italy :$bFirenze University Press,$c[2013]
=300  \\$aviii, 121 pages :$billustrations, map. ;$c24 cm.
=336  \\$atext$2rdacontent
=337  \\$aunmediated$2rdamedia
=338  \\$avolume$2rdacarrier
=490  0\$aStudi e saggi ;$v124
=490  0\$aFlorientalia
=504  \\$aIncludes bibliographical references (pages 115-121).
=650  \0$aChinese$zItaly.
=651  \0$aItaly$xEmigration and immigration.
=651  \0$aChina$xEmigration and immigration.
=852  41$aBritish Library$bHMNTS$jYD.2014.a.2453
=856  41$3Table of contents only$uhttp://www.loc.gov/catdir/toc/casalini12/13735373.pdf
=856  41$uhttp://digital.casalini.it/9788866554622
=CAT  \\$a6503$b40$c20140623$lBLL01$h1412
=CAT  \\$a11131$b40$c20140718$lBLL01$h0749
=FIN  \\$aY$d20140718
=FMT  \\$a  BK
=LAS  \\$a11131$b40$c20140718$lBLL01$h0749
=SRC  \\$aBLL02

