=LDR  01680cam a2200457 i 4500
=001  016746450
=003  Uk
=005  20140811084917.0
=008  131220s2013\\\\it\a\\\\\b\\\\001\0\ita\d
=010  \\$a  2013394828
=020  \\$a9788866553632 :$c15.90 EUR
=020  \\$z9788866553649 (PDF)
=020  \\$z9788866553656 (EPUB)
=035  \\$a(ItFiC)it 13731157
=040  \\$aItFiC$beng$cItFiC$dDLC$dUk$erda
=042  \\$aukblderived
=043  \\$ae------
=050  00$aPQ4811.E67$bZ65 2013
=245  00$aGiuseppe Dessí tra traduzioni e edizioni :$buna raccolta di saggi /$ca cura di Anna Dolfi.
=264  \1$aFirenze, Italy :$bFirenze University Press,$c2013.
=300  \\$a172 pages :$billustrations ;$c24 cm.
=336  \\$atext$2rdacontent
=337  \\$aunmediated$2rdamedia
=338  \\$avolume$2rdacarrier
=490  0\$aModerna/comparata ;$v1
=504  \\$aIncludes bibliographical references and index.
=530  \\$aAlso issued online.
=600  10$aDessì, Giuseppe,$d1909-1977$xAppreciation$zEurope.
=600  10$aDessì, Giuseppe,$d1909-1977$xTranslations$xHistory and criticism.
=700  1\$aDolfi, Anna,$d1948-$eeditor of compilation.
=700  12$aDorigatti, Marco.$tLuna sul Tamigi.
=852  41$aBritish Library$bHMNTS$jYF.2014.a.18187
=856  41$3Table of contents only$uhttp://www.loc.gov/catdir/toc/casalini12/13731157.pdf
=856  41$uhttp://digital.casalini.it/9788866553649
=CAT  \\$a5703$b40$c20140623$lBLL01$h1535
=CAT  \\$a10904$b40$c20140811$lBLL01$h0849
=CAT  \\$aBATCH-UPD$b40$c20230902$lBLL01$h1628
=FIN  \\$aY$d20140811
=FMT  \\$a  BK
=LAS  \\$aBATCH-UPD$b40$c20230902$lBLL01$h1628
=SRC  \\$aBLL02

