=LDR  03154cam a22007574a 4500
=001  013949112
=003  Uk
=005  20230924064723.0
=008  070709s2007\\\\it\\\\\\\b\\\\001\0\fre\d
=010  \\$a  2007420195
=020  \\$a9782728307616 :$c74.00 EUR
=035  \\$a(ItFiC)it 07572506
=040  \\$aItFiC$cItFiC$dDLC$dUk
=042  \\$aukblcatcopy
=043  \\$ae-it---
=050  00$aDG465$b.G68 2007
=100  1\$aGouesbier, Yvan.
=245  13$aLa maison de sable :$bhistoire et politique en Italie, de Benedetto Croce à Renzo De Felice /$cYvan Gouesbier.
=246  30$aHistoire et politique en Italie, de Benedetto Croce à Renzo De Felice
=260  \\$a[Rome, Italy] :$bEcole française de Rome,$c2007.
=300  \\$a695 p. ;$c24 cm.
=336  \\$atext$2rdacontent
=337  \\$aunmediated$2rdamedia
=338  \\$avolume$2rdacarrier
=490  1\$aCollection de l'Ecole française de Rome ;$v379
=504  \\$aIncludes bibliographical references (p. 667-675) and index.
=540  \\$aCurrent Copyright Fee: GBP25.00$c0$5Uk
=650  \0$aHistoriography$zItaly$xHistory$y20th century.
=650  \0$aHistoricism.
=651  \0$aItaly$xPolitics and government$y20th century.
=651  \0$aItaly$xHistory$y20th century.
=830  \0$aCollection de l'École française de Rome ;$v379.
=852  41$aBritish Library$bDSC$j3310.417000$ino. 379
=852  41$aBritish Library$bHMNTS$jAC.5233.a/379
=856  41$3Table of contents$uhttp://www.loc.gov/catdir/toc/casalini06/07572506.pdf
=856  41$uhttp://digital.casalini.it/9782728307616
=ACF  \\$aPrevious copyright fee: GBP12.00$c0$e01-jan-2012$fGBP12.00$g0$hA$5Uk
=ACF  \\$aPrevious Copyright Fee: GBP12.30$c0$e01-jan-2014$fGBP12.30$g0$hA$5Uk
=ACF  \\$aPrevious Copyright Fee: GBP15.00$c0$e01-jan-2017$fGBP15.00$g0$hA$5Uk
=ACF  \\$aPrevious Copyright Fee: GBP20.00$c0$e01-jan-2020$fGBP20.00$g0$hA$5Uk
=CAT  \\$a9504$b40$c20070918$lBLL01$h0855
=CAT  \\$aBATCH$b00$c20091217$lBLL01$h0507
=CAT  \\$aBATCH$b00$c20100103$lBLL01$h1259
=CAT  \\$aBATCH-UPD$b00$c20101009$lBLL01$h0620
=CAT  \\$aBATCH-CLA$b00$c20130527$lBLL01$h0134
=CAT  \\$aBATCH-CLA$c20131220$lBLL01$h2046
=CAT  \\$aIPL-CLA$c20140101$lBLL01$h0028
=CAT  \\$aBATCH-CLA$b00$c20161222$lBLL01$h1816
=CAT  \\$aIPL-CLA$c20161230$lBLL01$h2228
=CAT  \\$aBATCH-CLA$b00$c20171222$lBLL01$h2139
=CAT  \\$aIPL-CLA$c20171231$lBLL01$h1713
=CAT  \\$aBATCH-CLA$b00$c20191219$lBLL01$h1741
=CAT  \\$aIPL-CLA$c20191231$lBLL01$h1950
=CAT  \\$aR2001-1524$c20200127$lBLL01$h2026
=CAT  \\$aBATCH-CLA$b00$c20200128$lBLL01$h0448
=CAT  \\$aBATCH-CLA$b00$c20201204$lBLL01$h1545
=CAT  \\$aIPL-CLA$c20201231$lBLL01$h2229
=CAT  \\$aBATCH-CLA$b00$c20221221$lBLL01$h1855
=CAT  \\$aIPL-CLA$c20221231$lBLL01$h2146
=CAT  \\$aW2308-1659$c20230923$lBLL01$h1109
=CAT  \\$aBATCH-CLA$b00$c20230924$lBLL01$h0647
=CFI  0\$aCurrent Copyright Fee: GBP25.00$c0$e01-jan-2023$fGBP25.00$g0$hA$5Uk
=FIN  \\$aY$d20070918
=FMT  \\$a  BK
=LAS  \\$aBATCH-CLA$b00$c20230924$lBLL01$h0647
=SRC  \\$aBLL02

