=LDR  01694cam a22004454a 4500
=001  013952324
=003  Uk
=005  20070920135245.0
=008  060502s2006\\\\it\a\\\\\b\\\\101\0\ita\d
=010  \\$a  2006385455
=020  \\$a8884025125 (pbk.) :
=035  \\$a(ItFiC)it 05649676
=040  \\$aItFiC$cItFiC$dDLC$dUk
=042  \\$aukblcatcopy
=050  00$aPN56.S4$bC66 2004
=111  2\$aConvegno su La letteratura del mare$d(2004 :$cNaples, Italy)
=245  13$aLa letteratura del mare :$batti del Convegno di Napoli, 13-16 settembre 2004.
=260  \\$aRoma :$bSalerno,$cc2006.
=300  \\$a777 p. :$bill. ;$c23 cm.
=336  \\$atext$2rdacontent
=337  \\$aunmediated$2rdamedia
=338  \\$avolume$2rdacarrier
=490  1\$aPubblicazioni del "Centro Pio Rajna." Sezione prima, Studi e saggi ;$v14
=504  \\$aIncludes bibliographical references and index.
=650  \0$aSea in literature$vCongresses.
=650  \0$aLiterature$xHistory and criticism$vCongresses.
=650  \0$aSea stories$xHistory and criticism$vCongresses.
=830  \0$aPubblicazioni del "Centro Pio Rajna."$nSezione prima,$pStudi e saggi ;$v14.
=852  41$aBritish Library$bHMNTS$jYF.2007.a.27038
=856  41$3Table of contents$uhttp://www.loc.gov/catdir/toc/casalini03/05649676.pdf
=856  41$uhttp://digital.casalini.it/8884025125
=CAT  \\$a8197$b40$c20070920$lBLL01$h1352
=CAT  \\$aBATCH$b00$c20091217$lBLL01$h0507
=CAT  \\$aBATCH$b00$c20100103$lBLL01$h1300
=CAT  \\$aBATCH-UPD$b00$c20170218$lBLL01$h1733
=CAT  \\$aW2308-1659$c20230923$lBLL01$h1109
=FIN  \\$aY$d20070920
=FMT  \\$a  BK
=LAS  \\$aW2308-1659$b00$c20230923$lBLL01$h1109
=SRC  \\$aBLL02

