=LDR  01836cam a2200541 a 4500
=001  014342987
=003  Uk
=005  20081007081251.0
=008  071015s2007\\\\it\\\\\\\b\\\\001\0\ita\d
=010  \\$a  2007420670
=020  \\$a9788878702271 (pbk.)
=020  \\$a8878702277 (pbk.)
=035  \\$a(OCoLC)173972673
=035  \\$a(ItFiC)it 03838182
=040  \\$aItFiC$cItFiC$dDLC$dUk
=042  \\$aukblsr
=043  \\$ae-it---
=045  \\$ao0s9
=050  00$aPA8015$b.R56 2007
=082  14$a870$221
=100  1\$aRinaldi, Rinaldo,$d1951-
=245  10$aLibri in maschera :$bcitazioni e riscritture umanistiche /$cRinaldo Rinaldi.
=260  \\$aRoma :$bBulzoni,$cc2007.
=300  \\$a292 p. ;$c24 cm.
=336  \\$atext$2rdacontent
=337  \\$aunmediated$2rdamedia
=338  \\$avolume$2rdacarrier
=490  1\$aBiblioteca del Cinquecento ;$v132
=504  \\$aIncludes bibliographical references and index.
=650  \0$aLatin literature, Medieval and modern$xHistory and criticism.
=710  2\$aCentro studi Europa delle corti.
=830  \0$aBiblioteca del Cinquecento ;$v132.
=852  41$aBritish Library$bHMNTS$jYF.2008.a.32177
=856  42$uhttp://digital.casalini.it/9788878702271
=856  41$3Table of contents$uhttp://www.loc.gov/catdir/toc/casalini07/03838182.pdf
=856  41$uhttp://digital.casalini.it/9788878702271
=CAT  \\$a8197$b40$c20071114$lBLL01$h1148
=CAT  \\$a7483$b40$c20081006$lBLL01$h1542
=CAT  \\$a7483$b40$c20081007$lBLL01$h0812
=CAT  \\$aBATCH$b00$c20091217$lBLL01$h0511
=CAT  \\$aBATCH$b00$c20100103$lBLL01$h1304
=CAT  \\$aBATCH-UPD$b00$c20141211$lBLL01$h2021
=CAT  \\$aW2308-1659$c20230923$lBLL01$h1113
=FIN  \\$aY$d20081006
=FMT  \\$a  BK
=LAS  \\$aW2308-1659$b00$c20230923$lBLL01$h1113
=SID  \\$aZ39$bOCLC
=SRC  \\$aBLL02

