=LDR  02184cam a22005294a 4500
=001  014494396
=003  Uk
=005  20080508083553.0
=008  070423s2006\\\\it\a\\\\\b\\\\100\0\ita\d
=010  \\$a  2007357286
=020  \\$a9788878701540 (pbk.)
=020  \\$a8878701548 (pbk.)
=035  \\$a(ItFiC)it 06451136
=040  \\$aItFiC$cItFiC$dDLC$dUk
=042  \\$aukblsr
=050  00$aPC1582.A3$bS63 2005
=110  2\$aSocietà di linguistica italiana.$bCongresso internazionale di studi$n(39th :$d2005 :$cMilan, Italy)
=245  13$aLo spazio linguistico italiano e le "lingue esotiche" :$brapporti e reciproci influssi : atti del XXXIX Congresso internazionale di studi della Società di linguistica italiana (SLI) : Milano, 22-24 settembre 2005 /$ca cura di Emanuele Banfi e Gabriele Iannàccaro.
=260  \\$aRoma :$bBulzoni,$c2006.
=300  \\$aiii, 603 p. :$bill. ;$c21 cm.
=336  \\$atext$2rdacontent
=337  \\$aunmediated$2rdamedia
=338  \\$avolume$2rdacarrier
=490  1\$aPubblicazioni della Società di linguistica italiana ;$v50
=504  \\$aIncludes bibliographical references.
=530  \\$aAlso available via the Internet.
=650  \0$aItalian language$xForeign elements$vCongresses.
=650  \0$aLanguages in contact$vCongresses.
=700  1\$aBanfi, Emanuele.
=700  1\$aIannàccaro, Gabriele.
=710  2\$aSocietà di linguistica italiana.
=830  \0$aPubblicazioni della Società di linguistica italiana ;$v50.
=852  41$aBritish Library$bHMNTS$jP.981/166(50)
=856  41$3Table of contents$uhttp://www.loc.gov/catdir/toc/casalini06/06451136.pdf
=856  41$uhttp://digital.casalini.it/8878701548
=CAT  \\$a10926$b40$c20080116$lBLL01$h0937
=CAT  \\$a5521$b40$c20080507$lBLL01$h1233
=CAT  \\$a5521$b40$c20080508$lBLL01$h0835
=CAT  \\$aBATCH-UPD$b40$c20090220$lBLL01$h2043
=CAT  \\$aBATCH$b00$c20091217$lBLL01$h0516
=CAT  \\$aBATCH$b00$c20100103$lBLL01$h1308
=CAT  \\$aBATCH-UPD$b00$c20140314$lBLL01$h2045
=CAT  \\$aW2308-1659$c20230923$lBLL01$h1117
=FIN  \\$aY$d20080507
=FMT  \\$a  BK
=LAS  \\$aW2308-1659$b00$c20230923$lBLL01$h1117
=SRC  \\$aBLL02

