=LDR  01891cam a22005174a 4500
=001  014516055
=003  Uk
=005  20080328150352.0
=008  071105s2006\\\\it\\\\\\\b\\\\101\0\ita\d
=010  \\$a2007420931
=020  \\$a9788849812541 (pbk.)
=020  \\$a884981254X (pbk.)
=035  \\$a(OCoLC)180014288
=040  \\$aItFiC$cC3L$dDLC$dUk
=042  \\$aukblsr
=043  \\$ae-it---
=045  \\$ax4x-
=050  00$aJN5651$b.C62 2002
=082  14$a324$221
=245  02$aI partiti politici nell'Italia repubblicana :$batti del Convegno di Siena, 5-6 dicembre 2002 /$ca cura di Gerardo Nicolosi.
=260  \\$aSoveria Mannelli :$bRubbettino,$cc2006.
=300  \\$a460 p. ;$c23 cm.
=336  \\$atext$2rdacontent
=337  \\$aunmediated$2rdamedia
=338  \\$avolume$2rdacarrier
=490  1\$aLe ragioni degli storici ;$v10
=504  \\$aIncludes bibliographical references and index.
=610  20$aPartito comunista italiano$xHistory$vCongresses.
=650  \0$aPolitical parties$zItaly$xHistory$y20th century$vCongresses.
=651  \0$aItaly$xPolitics and government$y1945-1976$vCongresses.
=651  \0$aItaly$xPolitics and government$y1945-1976$xHistoriography$vCongresses.
=700  1\$aNicolosi, Gerardo.
=830  \0$aRagioni degli storici ;$v10.
=852  41$aBritish Library$bHMNTS$jYF.2008.a.13329
=856  41$3Table of contents$uhttp://www.loc.gov/catdir/toc/casalini07/07581270.pdf
=856  41$uhttp://digital.casalini.it/9788849812541
=CAT  \\$a6191$b40$c20080207$lBLL01$h1427
=CAT  \\$a11312$b40$c20080328$lBLL01$h1503
=CAT  \\$aBATCH$b00$c20091217$lBLL01$h0518
=CAT  \\$aBATCH$b00$c20100103$lBLL01$h1310
=CAT  \\$aBATCH-UPD$b00$c20170819$lBLL01$h1756
=CAT  \\$aW2308-1659$c20230923$lBLL01$h1118
=FIN  \\$aY$d20080328
=FMT  \\$a  BK
=LAS  \\$aW2308-1659$b00$c20230923$lBLL01$h1118
=SID  \\$aZ39$bOCLC

