=LDR  01852cam a22005294a 4500
=001  014532859
=003  Uk
=005  20080228091208.0
=008  080204s2007\\\\it\a\\\\\b\\\\000\0dita\d
=010  \\$a2008363293
=020  \\$a9788854809154 (pbk.)
=020  \\$a8854809152 (pbk.)
=035  \\$a(OCoLC)191659012
=040  \\$aItFiC$cC3L$dDLC$dUk
=042  \\$aukblcatcopy
=043  \\$an-mx---
=045  \\$ax0x4$ax4x-
=050  00$aND259.K33$bS43 2007
=082  14$a759$221
=100  1\$aSecci, M. Cristina,$d1972-
=245  10$aCon l'immagine allo specchio :$bl'autoritratto letterario di Frida Kahlo /$cM. Cristina Secci.
=250  \\$a1. ed.
=260  \\$aRoma :$bAracne,$c2007.
=300  \\$a110 p. :$bill. (some col.) ;$c24 cm.
=336  \\$atext$2rdacontent
=337  \\$aunmediated$2rdamedia
=338  \\$avolume$2rdacarrier
=490  1\$aScienze dell'antichità, filologico-letterarie e storico-artistiche ;$v227
=500  \\$a"A10/227"--Ser. t.p.
=504  \\$aIncludes bibliographical references (p. 109-110).
=600  10$aKahlo, Frida.
=600  10$aKahlo, Frida$xDiaries.
=650  \0$aPainters$zMexico$xDiaries.
=830  \0$aScienze dell'antichità, filologico-letterarie e storico-artistiche ;$v227.
=852  41$aBritish Library$bHMNTS$jYF.2008.a.8641
=856  41$3Table of contents$uhttp://www.loc.gov/catdir/toc/casalini07/07615353.pdf
=856  41$uhttp://digital.casalini.it/9788854809154
=CAT  \\$a8197$b40$c20080228$lBLL01$h0911
=CAT  \\$a8197$b40$c20080228$lBLL01$h0912
=CAT  \\$aBATCH$b00$c20091217$lBLL01$h0519
=CAT  \\$aBATCH$b00$c20100103$lBLL01$h1311
=CAT  \\$aBATCH-UPD$b00$c20100620$lBLL01$h2117
=CAT  \\$aW2308-1659$c20230923$lBLL01$h1119
=FIN  \\$aY$d20080228
=FMT  \\$a  BK
=LAS  \\$aW2308-1659$b00$c20230923$lBLL01$h1119
=SID  \\$aZ39$bOCLC

