=LDR  01490cam a22004217a 4500
=001  014534381
=003  Uk
=005  20080229155545.0
=008  080211s2006\\\\it\\\\\\\b\\\\000\0\ita\d
=010  \\$a  2008363374
=020  \\$a8854808768 :
=035  \\$a(ItFiC)it 07615280
=040  \\$aItFiC$cItFiC$dDLC$dUk
=042  \\$aukblcatcopy
=043  \\$ae-it---
=050  00$aPN1275$b.O88 2006
=100  10$aOttieri, Alessandra,$d1957-
=245  12$aL'esperienza dell'impuro :$bfilosofia, fisiologia, chimica, arte e altre "impurità" nella scrittura di Valéry, Ungaretti, Sinisgalli, Levi /$cAlessandra Ottieri.
=250  \\$a1. ed.
=260  \\$aRoma :$bAracne,$c2006.
=300  \\$a153 p. ;$c24 cm.
=336  \\$atext$2rdacontent
=337  \\$aunmediated$2rdamedia
=338  \\$avolume$2rdacarrier
=500  \\$a"A10/219"--Ser. t.p.
=504  \\$aIncludes bibliographical references.
=650  \0$aPoetry, Modern$y20th century$xHistory and criticism.
=650  \0$aItalian poetry$y20th century$xHistory and criticism.
=852  41$aBritish Library$bHMNTS$jYF.2008.a.9323
=856  41$3Table of contents$uhttp://www.loc.gov/catdir/toc/casalini07/07615280.pdf
=856  41$uhttp://digital.casalini.it/8854808768
=CAT  \\$a8197$b40$c20080229$lBLL01$h1555
=CAT  \\$aBATCH-UPD$b40$c20200520$lBLL01$h1405
=CAT  \\$aW2308-1659$c20230923$lBLL01$h1119
=FIN  \\$aY$d20080229
=FMT  \\$a  BK
=LAS  \\$aW2308-1659$b00$c20230923$lBLL01$h1119
=SRC  \\$aBLL02

