=LDR  01999cam a22005414a 4500
=001  014539065
=003  Uk
=005  20080306132425.0
=008  080211s2007\\\\it\\\\\\\b\\\\000\0\ita\d
=010  \\$a2008363380
=020  \\$a9788854810471 (pbk.)
=020  \\$a8854810479 (pbk.)
=035  \\$a(OCoLC)191813002
=040  \\$aC3L$cC3L$dDLC$dUk
=042  \\$aukblderived
=043  \\$ae-it---
=045  \\$aw1w9$ax0x4$ax4x-
=050  00$aZ2354.D5$bV33 2007
=082  14$a016$221
=100  1\$aVaccaro, Giulio,$d1980-
=245  13$aUn libbro va, uno viè :$bbibliografia della letteratura romanesca dal 1870 al Duemila /$cGiulio Vaccaro.
=250  \\$a1. ed.
=260  \\$aRoma :$bAracne,$c2007.
=300  \\$a286 p. ;$c24 cm.
=336  \\$atext$2rdacontent
=337  \\$aunmediated$2rdamedia
=338  \\$avolume$2rdacarrier
=490  1\$aScienze dell'antichità, filologico-letterarie e storico-artistiche ;$v255
=500  \\$aAt head of title: Centro studi Giuseppe Gioachino Belli.
=500  \\$a"A10/255"--Ser. t.p.
=504  \\$aIncludes bibliographical references.
=650  \0$aDialect literature, Italian$zItaly$zRome$vBibliography.
=650  \0$aItalian literature$y19th century$vBibliography.
=650  \0$aItalian literature$y20th century$vBibliography.
=710  2\$aCentro studi Giuseppe Gioachino Belli.
=830  \0$aScienze dell'antichità, filologico-letterarie e storico-artistiche ;$v255.
=852  41$aBritish Library$bHMNTS$jYF.2008.a.9521
=856  41$3Table of contents$uhttp://www.loc.gov/catdir/toc/casalini07/0761876X.pdf
=856  41$uhttp://digital.casalini.it/9788854810471
=CAT  \\$a8197$b40$c20080306$lBLL01$h1324
=CAT  \\$aBATCH$b00$c20091217$lBLL01$h0520
=CAT  \\$aBATCH$b00$c20100103$lBLL01$h1312
=CAT  \\$aBATCH-UPD$b00$c20100620$lBLL01$h2117
=CAT  \\$aW2308-1659$c20230923$lBLL01$h1119
=FIN  \\$aY$d20080306
=FMT  \\$a  BK
=LAS  \\$aW2308-1659$b00$c20230923$lBLL01$h1119
=SID  \\$aZ39$bOCLC

