=LDR  01690cam a2200505 a 4500
=001  014539072
=003  Uk
=005  20090129105738.0
=008  080325s2007\\\\it\\\\\\\b\\\\000\0\por\d
=010  \\$a  2008363832
=020  \\$a8854810436 (pbk.)
=020  \\$a9788854810433 (pbk.)
=035  \\$a(OCoLC)191923224
=035  \\$a(ItFiC)it 07618735
=035  \\$a(OCoLC)0191923224
=040  \\$aItFiC$cItFiC$dDLC$dUk
=042  \\$aukblsr
=043  \\$ae-po---$ae-sp---
=045  \\$ax0x4$ax4x-
=050  00$aPQ9261.A67$bZ58 2007
=082  14$a869$221
=100  1\$aBertolazzi, Federico,$d1973-
=245  10$aEntre génese e representação :$bestudo de variantes em Eugénio de Andrade /$cFederico Bertolazzi.
=250  \\$a1. ed.
=260  \\$aRoma :$bAracne,$c2007.
=300  \\$a108 p. ;$c25 cm.
=336  \\$atext$2rdacontent
=337  \\$aunmediated$2rdamedia
=338  \\$avolume$2rdacarrier
=490  0\$aScienze dell'antichità, filologico-letterarie e storico-artistiche
=500  \\$a"A10/253"--Ser. t.p.
=504  \\$aIncludes bibliographical references (p. [107]-108).
=600  10$aAndrade, Eugénio de$xLanguage.
=852  41$aBritish Library$bHMNTS$jYF.2009.a.2871
=856  42$uhttp://digital.casalini.it/9788854810433
=856  41$3Table of contents$uhttp://www.loc.gov/catdir/toc/casalini07/07618735.pdf
=856  41$uhttp://digital.casalini.it/9788854810433
=CAT  \\$a8197$b40$c20080306$lBLL01$h1326
=CAT  \\$a7483$b40$c20090129$lBLL01$h1057
=CAT  \\$aW2308-1659$c20230923$lBLL01$h1119
=FIN  \\$aY$d20090129
=FMT  \\$a  BK
=LAS  \\$aW2308-1659$b00$c20230923$lBLL01$h1119
=SID  \\$aZ39$bOCLC
=SRC  \\$aBLL02

