=LDR  01858cam a22005174a 4500
=001  014539106
=003  Uk
=005  20080306135154.0
=008  080217s2007\\\\it\\\\\\\b\\\\000\0\ita\d
=010  \\$a2008363481
=020  \\$a9788854809895 (pbk.)
=020  \\$a8854809896 (pbk.)
=035  \\$a(OCoLC)191923213
=040  \\$aC3L$cC3L$dDLC$dUk
=042  \\$aukblderived
=043  \\$an-us---
=045  \\$ax4x-
=050  00$aPN1998.3.K83$bG84 2007
=082  14$a791$221
=100  1\$aGuerra, Michele,$d1982-
=245  13$aIl meccanismo indifferente :$bla concezione della storia nel cinema di Stanley Kubrick /$cMichele Guerra.
=250  \\$a1. ed.
=260  \\$aRoma :$bAracne,$c2007.
=300  \\$a237 p. ;$c24 cm.
=336  \\$atext$2rdacontent
=337  \\$aunmediated$2rdamedia
=338  \\$avolume$2rdacarrier
=490  1\$aScienze dell'antichità, filologico-letterarie e storico-artistiche ;$v238
=500  \\$a"A10/238"--Ser. t.p.
=504  \\$aIncludes bibliographical references (p. [227]-237).
=600  10$aKubrick, Stanley$xCriticism and interpretation.
=650  \0$aMotion pictures and history.
=650  \0$aHistorical films$zUnited States$xHistory and criticism.
=830  \0$aScienze dell'antichità, filologico-letterarie e storico-artistiche ;$v238.
=852  41$aBritish Library$bHMNTS$jYF.2008.a.9547
=856  41$3Table of contents$uhttp://www.loc.gov/catdir/toc/casalini07/0761540X.pdf
=856  41$uhttp://digital.casalini.it/9788854809895
=CAT  \\$a8197$b40$c20080306$lBLL01$h1351
=CAT  \\$aBATCH$b00$c20091217$lBLL01$h0520
=CAT  \\$aBATCH$b00$c20100103$lBLL01$h1312
=CAT  \\$aBATCH-UPD$b00$c20100620$lBLL01$h2117
=CAT  \\$aW2308-1659$c20230923$lBLL01$h1119
=FIN  \\$aY$d20080306
=FMT  \\$a  BK
=LAS  \\$aW2308-1659$b00$c20230923$lBLL01$h1119
=SID  \\$aZ39$bOCLC

