=LDR  01925cam a22005297a 4500
=001  014582382
=003  Uk
=005  20080407132236.0
=008  080303s2007\\\\it\\\\\\\b\\\\000\0\ita\d
=010  \\$a2008363643
=020  \\$a9788854810426 (pbk.)$z8854810426 (pbk.)
=020  \\$a8854810428
=035  \\$a(OCoLC)192080714
=040  \\$aC3L$cC3L$dDLC$dUk
=042  \\$aukblderived
=043  \\$ae-po---$ae-it---
=045  \\$ax4x-
=050  00$aPQ9020$b.B47 2007
=082  14$a469$221
=100  1\$aBertolazzi, Federico,$d1973-
=245  10$aOltre la lettera :$btre studi di traduzione fra italiano e portoghese /$cFederico Bertolazzi.
=250  \\$a1. ed.
=260  \\$aRoma :$bAracne,$c2007.
=300  \\$a103 p. ;$c21 cm.
=336  \\$atext$2rdacontent
=337  \\$aunmediated$2rdamedia
=338  \\$avolume$2rdacarrier
=490  1\$aScienze dell'antichità, filologico-letterarie e storico-artistiche ;$v254
=500  \\$a"A10/254"--Ser. t.p.
=504  \\$aIncludes bibliographical references.
=650  \0$aPortuguese language$xTranslations into Italian.
=650  \0$aItalian literature$xTranslations into Portuguese.
=650  \0$aPortuguese language$xTranslating into Italian.
=650  \0$aItalian language$xTranslating into Portuguese.
=830  \0$aScienze dell'antichità, filologico-letterarie e storico-artistiche ;$v254.
=852  41$aBritish Library$bHMNTS$jYF.2008.a.13742
=856  41$3Table of contents$uhttp://www.loc.gov/catdir/toc/casalini07/07618727.pdf
=856  41$uhttp://digital.casalini.it/8854810426
=CAT  \\$a8197$b40$c20080407$lBLL01$h1322
=CAT  \\$aBATCH$b00$c20091217$lBLL01$h0524
=CAT  \\$aBATCH$b00$c20100103$lBLL01$h1316
=CAT  \\$aBATCH-UPD$b00$c20100620$lBLL01$h2117
=CAT  \\$aW2308-1659$c20230923$lBLL01$h1121
=FIN  \\$aY$d20080407
=FMT  \\$a  BK
=LAS  \\$aW2308-1659$b00$c20230923$lBLL01$h1121
=SID  \\$aZ39$bOCLC

