=LDR  01685cam a22004817a 4500
=001  014582406
=003  Uk
=005  20080407133808.0
=008  080303s2007\\\\it\a\\\\\b\\\\000\0\ita\d
=010  \\$a2008363617
=020  \\$a9788854810341 (pbk.)
=020  \\$a8854810347 (pbk.)
=035  \\$a(OCoLC)192080712
=040  \\$aC3L$cC3L$dDLC$dUk
=042  \\$aukblderived
=045  \\$ax4x-
=050  00$aPN1995.9.P7$bC325 2007
=082  14$a791$221
=100  1\$aCapani, Giuliano,$d1946-
=245  10$aMagia del cinema :$ble visioni dell'invisibile /$cGiuliano Capani.
=250  \\$a1. ed.
=260  \\$aRoma :$bAracne,$c2007.
=300  \\$a230 p. :$bill. ;$c24 cm.
=336  \\$atext$2rdacontent
=337  \\$aunmediated$2rdamedia
=338  \\$avolume$2rdacarrier
=490  1\$aScienze dell'antichità, filologiche-letterarie e storico-artistiche ;$v249
=500  \\$a"A10/249"--Ser. t.p.
=504  \\$aIncludes bibliographical references (p. 223-226).
=650  \0$aMotion pictures$xProduction and direction.
=650  \0$aMotion pictures$xPsychological aspects.
=830  \0$aScienze dell'antichità, filologiche-letterarie e storico-artistiche ;$v249
=852  41$aBritish Library$bHMNTS$jYF.2008.a.13744
=856  41$3Table of contents$uhttp://www.loc.gov/catdir/toc/casalini07/07618646.pdf
=856  41$uhttp://digital.casalini.it/9788854810341
=CAT  \\$a8197$b40$c20080407$lBLL01$h1338
=CAT  \\$aBATCH$b00$c20091217$lBLL01$h0524
=CAT  \\$aBATCH$b00$c20100103$lBLL01$h1316
=CAT  \\$aW2308-1659$c20230923$lBLL01$h1121
=FIN  \\$aY$d20080407
=FMT  \\$a  BK
=LAS  \\$aW2308-1659$b00$c20230923$lBLL01$h1121
=SID  \\$aZ39$bOCLC

