=LDR  01703cam a22004937a 4500
=001  014582414
=003  Uk
=005  20080407134404.0
=008  080225s2007\\\\it\\\\\\\b\\\\000\0\ita\d
=010  \\$a2008363494
=020  \\$a9788854809932 (pbk.)
=020  \\$a8854809934 (pbk.)
=035  \\$a(OCoLC)192080679
=040  \\$aItFiC$cC3L$dDLC$dUk
=042  \\$aukblderived
=045  \\$ax0x4
=050  00$aPN1995.9.S85$bA45 2007
=082  14$a791$221
=100  1\$aArlotta, Ivan.
=245  10$aCinema surrealista fra poesia e immagine /$cIvan Arlotta.
=250  \\$a1. ed.
=260  \\$aRoma :$bAracne,$c2007.
=300  \\$a162 p. ;$c24 cm.
=336  \\$atext$2rdacontent
=337  \\$aunmediated$2rdamedia
=338  \\$avolume$2rdacarrier
=490  1\$aScienze dell'antichità, filologico-letterarie e storico-artistiche ;$v240
=500  \\$a"A10/240"--Ser. t.p.
=504  \\$aIncludes bibliographical references (p. 153-162).
=650  \0$aSurrealism in motion pictures.
=650  \0$aExperimental films$xHistory and criticism.
=830  \0$aScienze dell'antichità, filologico-letterarie e storico-artistiche ;$v240.
=852  41$aBritish Library$bHMNTS$jYF.2008.a.13741
=856  41$3Table of contents$uhttp://www.loc.gov/catdir/toc/casalini07/07615426.pdf
=856  41$uhttp://digital.casalini.it/9788854809932
=CAT  \\$a8197$b40$c20080407$lBLL01$h1344
=CAT  \\$aBATCH$b00$c20091217$lBLL01$h0524
=CAT  \\$aBATCH$b00$c20100103$lBLL01$h1316
=CAT  \\$aBATCH-UPD$b00$c20100620$lBLL01$h2117
=CAT  \\$aW2308-1659$c20230923$lBLL01$h1121
=FIN  \\$aY$d20080407
=FMT  \\$a  BK
=LAS  \\$aW2308-1659$b00$c20230923$lBLL01$h1121
=SID  \\$aZ39$bOCLC

