=LDR  01707cam a22005057a 4500
=001  014582433
=003  Uk
=005  20080407135417.0
=008  080225s2007\\\\it\\\\\\\b\\\\001\0\ita\d
=010  \\$a2008363508
=020  \\$a9788854809888 (pbk.)
=020  \\$a8854809888 (pbk.)
=035  \\$a(OCoLC)192080676
=040  \\$aItFiC$cC3L$dDLC
=042  \\$aukblderived
=043  \\$acl-----
=045  \\$ax0x4
=050  00$aPQ7797.A66$bZ92 2007
=082  14$a863$221
=100  1\$aTassi, Loris.
=245  10$aVariazioni sul tema della lettura :$bl'opera di Roberto Arlt /$cLoris Tassi.
=250  \\$a1. ed.
=260  \\$aRoma :$bAracne,$c2007.
=300  \\$a133 p. ;$c24 cm.
=336  \\$atext$2rdacontent
=337  \\$aunmediated$2rdamedia
=338  \\$avolume$2rdacarrier
=490  1\$aStudi americani, culturali e linguistici ;$v7
=500  \\$a"A10/113"--Ser. t.p.
=504  \\$aIncludes bibliographical references (p. [123]-130) and index.
=600  10$aArlt, Roberto,$d1900-1942$xCriticism and interpretation.
=650  \0$aBooks and reading in literature.
=830  \0$aStudi americani, culturali e linguistici ;$v7.
=852  41$aBritish Library$bHMNTS$jYF.2008.a.13743
=856  41$3Table of contents$uhttp://www.loc.gov/catdir/toc/casalini07/07615396.pdf
=856  41$uhttp://digital.casalini.it/9788854809888
=CAT  \\$a8197$b40$c20080407$lBLL01$h1354
=CAT  \\$aBATCH$b00$c20091217$lBLL01$h0524
=CAT  \\$aBATCH$b00$c20100103$lBLL01$h1316
=CAT  \\$aBATCH-UPD$b00$c20101226$lBLL01$h2055
=CAT  \\$aW2308-1659$c20230923$lBLL01$h1121
=FIN  \\$aY$d20080407
=FMT  \\$a  BK
=LAS  \\$aW2308-1659$b00$c20230923$lBLL01$h1121
=SID  \\$aZ39$bOCLC

