=LDR  01798cam a22004814a 4500
=001  014597466
=003  Uk
=005  20080423162450.0
=008  080317s2007\\\\it\\\\\\\b\\\\001\0dita\d
=010  \\$a  2008363795
=020  \\$a9788854811263 (pbk.) :$c12.00 EUR
=035  \\$a(ItFiC)it 08600864
=040  \\$aItFiC$cItFiC$dDLC$dUk
=042  \\$aukblcatcopy
=043  \\$ae-uk---
=050  00$aPR2499.F3$bZ94 2007
=100  1\$aVerzella, Massimo.
=245  10$aHid as worthless rite :$bscrittura femminile nell'Inghilterra di re Giacomo : Elizabeth Cary e Mary Wroth /$cMassimo Verzella.
=250  \\$a1. ed.
=260  \\$aRoma :$bAracne,$c2007.
=300  \\$a185 p. ;$c21 cm.
=336  \\$atext$2rdacontent
=337  \\$aunmediated$2rdamedia
=338  \\$avolume$2rdacarrier
=490  1\$aStudi di anglistica ;$v6
=500  \\$a"A10/126/6"--Ser. t.p.
=504  \\$aIncludes bibliographical references (p. 159-179) and index.
=546  \\$aText in Italian.
=600  10$aCary, Elizabeth,$cLady,$d1585 or 1586-1639$xCriticism and interpretation.
=600  10$aWroth, Mary,$cLady,$dapproximately 1586-approximately 1640$xCriticism and interpretation.
=650  \0$aWomen and literature$zEngland$xHistory$y17th century.
=830  \0$aStudi di anglistica (Rome, Italy) ;$v6.
=852  41$aBritish Library$bHMNTS$jYF.2008.a.14927
=856  41$3Table of contents$uhttp://www.loc.gov/catdir/toc/casalini07/08600864.pdf
=856  41$uhttp://digital.casalini.it/9788854811263
=985  \\$aRecord amended for WR# 13/070
=CAT  \\$a10926$b40$c20080423$lBLL01$h1624
=CAT  \\$aWR13_070$b00$c20130504$lBLL01$h0302
=CAT  \\$aW2308-1659$c20230923$lBLL01$h1122
=FIN  \\$aY$d20080423
=FMT  \\$a  BK
=LAS  \\$aW2308-1659$b00$c20230923$lBLL01$h1122
=SRC  \\$aBLL02

