=LDR  01750cam a22004574a 4500
=001  014597473
=003  Uk
=005  20080423164054.0
=008  080325s2007\\\\it\\\\\\\b\\\\001\0\ita\d
=010  \\$a  2008363843
=020  \\$a9788854811836 (pbk.) :$c20.00 EUR
=035  \\$a(ItFiC)it 08602379
=040  \\$aItFiC$cItFiC$dDLC$dUk
=042  \\$aukblcatcopy
=050  00$aPQ4829.A75$bZ87 2007
=100  1\$aTiozzo, Enrico.
=245  13$aIl poema di un'idea :$bsovversivismo e critica della società borghese nell'opera di Mario Mariani /$cEnrico Tiozzo.
=250  \\$a1. ed .
=260  \\$aRoma :$bAracne,$c2007.
=300  \\$a393 p. ;$c24 cm.
=336  \\$atext$2rdacontent
=337  \\$aunmediated$2rdamedia
=338  \\$avolume$2rdacarrier
=490  1\$aScienze dell'antichità, filologico-letterarie e storico-artistiche ;$v272
=500  \\$a"A10/272"--Ser. t.p.
=504  \\$aIncludes bibliographical references (p. 383-386) and index.
=600  10$aMariani, Mario,$d1883-1951$xCriticism and interpretation.
=650  \0$aMariani, Mario,$d1883-1951$xPolitical and social views.
=830  \0$aScienze dell'antichità, filologico-letterarie e storico-artistiche ;$v272.
=852  41$aBritish Library$bHMNTS$jYF.2008.a.14950
=856  41$3Table of contents$uhttp://www.loc.gov/catdir/toc/casalini07/08602379.pdf
=856  41$uhttp://digital.casalini.it/9788854811836
=CAT  \\$a10926$b40$c20080423$lBLL01$h1640
=CAT  \\$aBATCH$b00$c20091217$lBLL01$h0525
=CAT  \\$aBATCH$b00$c20100103$lBLL01$h1317
=CAT  \\$aBATCH-UPD$b00$c20100620$lBLL01$h2117
=CAT  \\$aW2308-1659$c20230923$lBLL01$h1122
=FIN  \\$aY$d20080423
=FMT  \\$a  BK
=LAS  \\$aW2308-1659$b00$c20230923$lBLL01$h1122
=SRC  \\$aBLL02

