=LDR  01658cam a22004694a 4500
=001  014597486
=003  Uk
=005  20080423170037.0
=008  080317s2007\\\\it\a\\\\\b\\\\000\0\ita\d
=010  \\$a  2008363762
=020  \\$a9788854811027 (pbk.) :$c19.00 EUR
=035  \\$a(ItFiC)it 08600546
=040  \\$aItFiC$cItFiC$dDLC$dUk
=042  \\$aukblcatcopy
=050  00$aN7832$b.P47 2007
=082  14$a704$221
=100  1\$aPerraymond, Myla.
=245  10$aParadigmi di esegesi figurale nell'arte paleocristiana /$cMyla Perraymond.
=250  \\$a1. ed.
=260  \\$aRoma :$bAracne,$c2007.
=300  \\$a225 p. :$bill. ;$c24 cm.
=336  \\$atext$2rdacontent
=337  \\$aunmediated$2rdamedia
=338  \\$avolume$2rdacarrier
=490  1\$aScienze dell'antichità, filologico-letterarie e storico-artistiche ;$v258
=500  \\$a"A10/258"--Ser. t.p.
=504  \\$aIncludes bibliographical references.
=650  \0$aArt, Early Christian.
=650  \0$aChristian art and symbolism$yTo 500.
=830  \0$aScienze dell'antichità, filologico-letterarie e storico-artistiche ;$v258.
=852  41$aBritish Library$bHMNTS$jYF.2008.a.14951
=856  41$3Table of contents$uhttp://www.loc.gov/catdir/toc/casalini07/08600546.pdf
=856  41$uhttp://digital.casalini.it/9788854811027
=CAT  \\$a10926$b40$c20080423$lBLL01$h1700
=CAT  \\$aBATCH$b00$c20091217$lBLL01$h0525
=CAT  \\$aBATCH$b00$c20100103$lBLL01$h1317
=CAT  \\$aBATCH-UPD$b00$c20100620$lBLL01$h2117
=CAT  \\$aW2308-1659$c20230923$lBLL01$h1122
=FIN  \\$aY$d20080423
=FMT  \\$a  BK
=LAS  \\$aW2308-1659$b00$c20230923$lBLL01$h1122
=SRC  \\$aBLL02

