=LDR  01970cam a22005417a 4500
=001  014643118
=003  Uk
=005  20080612094504.0
=008  080225s2007\\\\it\\\\\\\b\\\\000\0\ita\d
=010  \\$a2008363548
=020  \\$a9788854810044
=020  \\$a8854810045
=035  \\$a(OCoLC)192080681
=040  \\$aItFiC$cC3L$dDLC$dUk
=042  \\$aukblderived
=043  \\$ae-fr---
=050  00$aPQ3988.5.N6$bP53 2007
=082  14$a843$221
=100  1\$aPicconi, Lucia.
=245  13$aIl romanzo beur fra emigrazione e mito del ritorno /$cLucia Picconi.
=250  \\$a1. ed.
=260  \\$aRoma :$bAracne,$c2007.
=300  \\$a286 p. ;$c24 cm.
=336  \\$atext$2rdacontent
=337  \\$aunmediated$2rdamedia
=338  \\$avolume$2rdacarrier
=490  1\$aScienze dell'antichità, filologico-letterarie e storico-artistiche ;$v243
=500  \\$a"A10/243"--Ser. t.p.
=504  \\$aIncludes bibliographical references (p. 279-286).
=650  \0$aNorth African fiction (French)$zFrance$xHistory and criticism.
=650  \0$aFrench fiction$xMinority authors$xHistory and criticism.
=650  \0$aFrench fiction$y20th century$xHistory and criticism.
=650  \0$aEmigration and immigration in literature.
=650  \0$aIdentity (Psychology) in literature.
=650  \0$aImmigrants in literature.
=830  \0$aScienze dell'antichità, filologico-letterarie e storico-artistiche ;$v243.
=852  41$aBritish Library$bHMNTS$jYD.2008.a.5465
=856  41$3Table of contents$uhttp://www.loc.gov/catdir/toc/casalini07/07615442.pdf
=856  41$uhttp://digital.casalini.it/9788854810044
=CAT  \\$a8197$b40$c20080612$lBLL01$h0945
=CAT  \\$aBATCH$b00$c20091217$lBLL01$h0529
=CAT  \\$aBATCH$b00$c20100103$lBLL01$h1321
=CAT  \\$aBATCH-UPD$b00$c20100620$lBLL01$h2117
=CAT  \\$aW2308-1659$c20230923$lBLL01$h1124
=FIN  \\$aY$d20080612
=FMT  \\$a  BK
=LAS  \\$aW2308-1659$b00$c20230923$lBLL01$h1124
=SID  \\$aZ39$bOCLC

