=LDR  03061cam a22007454a 4500
=001  014677876
=003  Uk
=005  20230924064725.0
=008  080303s2007\\\\it\a\\\\\b\\\\001\0\fre\d
=010  \\$a  2008363649
=020  \\$a9782728307838 (pbk.)
=035  \\$a(ItFiC)it 07956449
=035  \\$a(OCoLC)0192080754
=040  \\$aItFiC$cItFiC$dDLC$dUk
=042  \\$aukblcatcopy
=050  00$aDG89$b.B37 2008
=100  1\$aBastien, Jean-Luc,$d1967-
=245  13$aLe triomphe romain et son utilisation politique :$bà Rome aux trois derniers siècles de la république /$cJean-Luc Bastien.
=260  \\$aRoma, Italie :$bÉcole française de Rome,$c2007.
=300  \\$a482 p. :$bill. ;$c24 cm.
=336  \\$atext$2rdacontent
=337  \\$aunmediated$2rdamedia
=338  \\$avolume$2rdacarrier
=490  1\$aCollection de l'École française de Rome,$x0223-5099 ;$v392
=504  \\$aIncludes bibliographical references and indexes.
=540  \\$aCurrent Copyright Fee: GBP25.00$c0$5Uk
=650  \0$aTriumph.
=650  \0$aRites and ceremonies$zRome.
=650  \0$aProcessions$zRome.
=651  \0$aRome$xMilitary antiquities.
=830  \0$aCollection de l'École française de Rome,$x0223-5099 ;$v392
=852  41$aBritish Library$bHMNTS$jAc.5233.a/392
=852  41$aBritish Library$bDSC$j3310.417000$ino. 392
=856  41$3Table of contents$uhttp://www.loc.gov/catdir/toc/casalini07/07956449.pdf
=856  41$uhttp://digital.casalini.it/9782728307838
=ACF  \\$aPrevious copyright fee: GBP12.00$c0$e01-jan-2012$fGBP12.00$g0$hA$5Uk
=ACF  \\$aPrevious Copyright Fee: GBP12.30$c0$e01-jan-2014$fGBP12.30$g0$hA$5Uk
=ACF  \\$aPrevious Copyright Fee: GBP15.00$c0$e01-jan-2017$fGBP15.00$g0$hA$5Uk
=ACF  \\$aPrevious Copyright Fee: GBP20.00$c0$e01-jan-2020$fGBP20.00$g0$hA$5Uk
=CAT  \\$a8197$b40$c20080725$lBLL01$h1639
=CAT  \\$a8197$b40$c20080725$lBLL01$h1640
=CAT  \\$aBATCH$b00$c20091217$lBLL01$h0532
=CAT  \\$aBATCH$b00$c20100103$lBLL01$h1323
=CAT  \\$aBATCH-CLA$b00$c20130527$lBLL01$h0134
=CAT  \\$aBATCH-CLA$c20131220$lBLL01$h2058
=CAT  \\$aIPL-CLA$c20140101$lBLL01$h0057
=CAT  \\$aBATCH-CLA$b00$c20161222$lBLL01$h1823
=CAT  \\$aIPL-CLA$c20161230$lBLL01$h2309
=CAT  \\$aBATCH-CLA$b00$c20171222$lBLL01$h2151
=CAT  \\$aIPL-CLA$c20171231$lBLL01$h1735
=CAT  \\$aBATCH-CLA$b00$c20191219$lBLL01$h1747
=CAT  \\$aIPL-CLA$c20191231$lBLL01$h2006
=CAT  \\$aR2001-1524$c20200127$lBLL01$h2039
=CAT  \\$aBATCH-CLA$b00$c20200128$lBLL01$h0448
=CAT  \\$aBATCH-CLA$b00$c20201204$lBLL01$h1555
=CAT  \\$aIPL-CLA$c20201231$lBLL01$h2256
=CAT  \\$aBATCH-CLA$b00$c20221221$lBLL01$h1908
=CAT  \\$aIPL-CLA$c20221231$lBLL01$h2219
=CAT  \\$aW2308-1659$c20230923$lBLL01$h1127
=CAT  \\$aBATCH-CLA$b00$c20230924$lBLL01$h0647
=CFI  0\$aCurrent Copyright Fee: GBP25.00$c0$e01-jan-2023$fGBP25.00$g0$hA$5Uk
=FIN  \\$aY$d20080725
=FMT  \\$a  BK
=LAS  \\$aBATCH-CLA$b00$c20230924$lBLL01$h0647
=SRC  \\$aBLL02

