=LDR  01692cam a22004814a 4500
=001  014763790
=003  Uk
=005  20081020110414.0
=008  070514s2006\\\\it\a\\\\\b\\\\000\0\ita\d
=010  \\$a  2007357529
=020  \\$a9788884534989 :$c19.80 EUR
=020  \\$a8884534984 :$c19.80 EUR
=035  \\$a(ItFiC)it 06531024
=040  \\$aItFiC$cItFiC$dDLC$dUk
=042  \\$aukblderived
=043  \\$ae-it---
=050  00$aNA4304.F57$bB46 2006
=100  1\$aBenzi, Sara.
=245  13$aIl Palagio di Parte Guelfa a Firenze /$cSara Benzi, Luca Bertuzzi.
=260  \\$aFirenze :$bFirenze University Press,$cc2006.
=300  \\$axvii, 326 p. :$bill. ;$c24 cm.
=336  \\$atext$2rdacontent
=337  \\$aunmediated$2rdamedia
=338  \\$avolume$2rdacarrier
=500  \\$aIncludes appendix with original documents.
=504  \\$aIncludes bibliographical references (p. [313]-319, [323]-326).
=610  20$aPalagio di Parte Guelfa (Florence, Italy)
=650  \0$aPublic buildings$zItaly$zFlorence.
=650  \0$aPalaces$zItaly$zFlorence.
=650  \0$aHistoric buildings$zItaly$zFlorence.
=650  \0$aGuelfs and Ghibellines.
=651  \0$aFlorence (Italy)$xBuildings, structures, etc.
=700  1\$aBertuzzi, Luca.
=852  41$aBritish Library$bHMNTS$jYF.2008.a.34682
=856  41$3Table of contents$uhttp://www.loc.gov/catdir/toc/casalini06/06531024.pdf
=856  41$uhttp://digital.casalini.it/8884534976
=CAT  \\$a11375$b40$c20080929$lBLL01$h1358
=CAT  \\$a11002$b40$c20081020$lBLL01$h1104
=CAT  \\$aW2308-1659$c20230923$lBLL01$h1130
=FIN  \\$aY$d20081020
=FMT  \\$a  BK
=LAS  \\$aW2308-1659$b00$c20230923$lBLL01$h1130
=SRC  \\$aBLL02

