=LDR  01777cam a22004814a 4500
=001  014775729
=003  Uk
=005  20081110161208.0
=008  080331s2007\\\\it\ab\\\\b\\\\001\0\ita\d
=010  \\$a  2008363911
=020  \\$a9788854812987 (pbk.)
=035  \\$a(ItFiC)it 07619308
=040  \\$aItFiC$cItFiC$dDLC$dUk
=042  \\$aukblderived
=043  \\$ae-it---
=050  00$aJV8132$b.D44 2007
=100  1\$aDelle Donne, Barbara.
=245  12$aL'immigrazione tra identità e integrazione :$bla Campania nel contesto nazionale /$cBarbara Delle Donne, Stefania Palmentieri.
=250  \\$a1. ed.
=260  \\$aRoma :$bAracne,$c2007.
=300  \\$a205 p. :$bill. (chiefly col.), 1 map ;$c25 cm.
=336  \\$atext$2rdacontent
=337  \\$aunmediated$2rdamedia
=338  \\$avolume$2rdacarrier
=500  \\$a"A11/245"--Ser. t.p.
=504  \\$aIncludes bibliographical references (p. [187]-200) and index.
=650  \0$aImmigrants$zItaly$xSocial conditions.
=650  \0$aImmigrants$zItaly$zCampania$xSocial conditions.
=651  \0$aItaly$xEmigration and immigration$xSocial aspects.
=651  \0$aCampania (Italy)$xEmigration and immigration$xSocial aspects.
=700  1\$aPalmentieri, Stefania.
=852  41$aBritish Library$bHMNTS$jYF.2008.a.37513
=856  41$3Table of contents$uhttp://www.loc.gov/catdir/toc/casalini07/07619308.pdf
=856  41$uhttp://digital.casalini.it/9788854812987
=CAT  \\$a11375$b40$c20081013$lBLL01$h1137
=CAT  \\$a12630$b40$c20081110$lBLL01$h1610
=CAT  \\$a12630$b40$c20081110$lBLL01$h1612
=CAT  \\$aBATCH-UPD$b40$c20211201$lBLL01$h2059
=CAT  \\$aW2308-1659$c20230923$lBLL01$h1130
=FIN  \\$aY$d20081110
=FMT  \\$a  BK
=LAS  \\$aW2308-1659$b00$c20230923$lBLL01$h1130
=SRC  \\$aBLL02

