=LDR  01530cam a22004574a 4500
=001  014779686
=003  Uk
=005  20081117115440.0
=008  080303s2006\\\\it\\\\\\\b\\\\001\0\ita\d
=010  \\$a  2008363621
=020  \\$a8854808709 (pbk.) :$c7.00 EUR
=035  \\$a(ItFiC)it 07617852
=035  \\$a(OCoLC)0191812948
=040  \\$aItFiC$cItFiC$dDLC$dUk
=042  \\$aukblderived
=043  \\$ae-it---
=050  00$aDG811$b.P55 2006
=100  1\$aPilara, Gianluca,$d1974-
=245  13$aLa città di Roma fra chiesa e impero durante il conflitto gotico-bizantino /$cGianluca Pilara.
=250  \\$a1. ed.
=260  \\$aRoma :$bAracne,$c2006.
=300  \\$a101 p. ;$c24 cm.
=336  \\$atext$2rdacontent
=337  \\$aunmediated$2rdamedia
=338  \\$avolume$2rdacarrier
=500  \\$a"A11/194"--Ser. t.p.
=504  \\$aIncludes bibliographical references (p. 81-93) and index.
=650  \0$aGoths$zItaly$zRome.
=650  \0$aChurch history$y6th century.
=651  \0$aRome (Italy)$xHistory$y476-1420.
=651  \0$aItaly$xHistory$yGothic War, 535-555.
=852  41$aBritish Library$bHMNTS$jYF.2008.a.37762
=856  41$3Table of contents$uhttp://www.loc.gov/catdir/toc/casalini07/07617852.pdf
=856  41$uhttp://digital.casalini.it/8854808709
=CAT  \\$a8157$b40$c20081016$lBLL01$h0948
=CAT  \\$a8440$b40$c20081117$lBLL01$h1154
=CAT  \\$aW2308-1659$c20230923$lBLL01$h1131
=FIN  \\$aY$d20081117
=FMT  \\$a  BK
=LAS  \\$aW2308-1659$b00$c20230923$lBLL01$h1131
=SRC  \\$aBLL02

