=LDR  01622cam a2200457 a 4500
=001  014849792
=003  Uk
=005  20090225134039.0
=008  080204s2007\\\\it\\\\\\\b\\\\001\0\ita\d
=010  \\$a  2008363260
=020  \\$a9788854808591 :$c10.00 EUR
=035  \\$a(ItFiC)it 07617828
=040  \\$aItFiC$cItFiC$dDLC$dUk
=042  \\$aukblcatcopy
=043  \\$ae-it---
=050  00$aDG571$b.B89 2007
=100  1\$aBuzzegoli, Thomas.
=245  13$aLa polemica antiborghese nel fascismo, 1937-1939 /$cThomas Buzzegoli.
=250  \\$a1. ed.
=260  \\$aRoma :$bAracne,$c2007.
=300  \\$a156 p. ;$c24 cm.
=336  \\$atext$2rdacontent
=337  \\$aunmediated$2rdamedia
=338  \\$avolume$2rdacarrier
=490  1\$aQuaderni della Fondazione / Fondazione Luigi Salvatorelli, Marsciano ;$v5
=500  \\$a"AII/178"--Ser. t.p.
=504  \\$aIncludes bibliographical references and index.
=650  \0$aFascist propaganda$zItaly.
=650  \0$aMiddle class$zItaly$xPolitical activity$xHistory$y20th century.
=650  \0$aMiddle class$zItaly$xHistory$y20th century.
=830  \0$aQuaderni della Fondazione (Fondazione Luigi Salvatorelli) ;$v5.
=852  41$aBritish Library$bHMNTS$jYF.2009.a.6263
=856  41$3Table of contents$uhttp://www.loc.gov/catdir/toc/casalini07/07617828.pdf
=856  41$uhttp://digital.casalini.it/9788854808591
=CAT  \\$a10934$b40$c20081206$lBLL01$h0751
=CAT  \\$a5703$b40$c20090225$lBLL01$h1340
=CAT  \\$aW2308-1659$c20230923$lBLL01$h1133
=FIN  \\$aY$d20090225
=FMT  \\$a  BK
=LAS  \\$aW2308-1659$b00$c20230923$lBLL01$h1133
=SRC  \\$aBLL02

