=LDR  01739cam a22004814a 4500
=001  014913933
=003  Uk
=005  20090514165437.0
=008  090214s2009\\\\it\\\\\\\b\\\\001\0dita\d
=010  \\$a  2009350501
=020  \\$a9788859605102 (pbk.)
=035  \\$a(ItFiC)it 09707034
=040  \\$aItFiC$cItFiC$dDLC$dUk
=042  \\$aukblsr
=043  \\$ae-it---
=050  00$aPQ4882.O4$bZ48 2009
=100  1\$aVolponi, Paolo.
=240  10$aCorrespondence.$kSelections
=245  10$aScrivo a te come guardandomi allo specchio :$blettere a Pasolini (1954-1975) /$cPaolo Volponi ; a cura di Daniele Fioretti.
=260  \\$aFirenze :$bPolistampa,$cc2009.
=300  \\$a214 p. ;$c24 cm.
=336  \\$atext$2rdacontent
=337  \\$aunmediated$2rdamedia
=338  \\$avolume$2rdacarrier
=490  0\$aIl diaspro. Epistolari ;$v12
=504  \\$aIncludes bibliographical references and index.
=600  10$aVolponi, Paolo$vCorrespondence.
=600  10$aPasolini, Pier Paolo,$d1922-1975$vCorrespondence.
=650  \0$aAuthors, Italian$y20th century$vCorrespondence.
=650  \0$aItalian literature$y20th century$xHistory and criticism.
=700  1\$aFioretti, Daniele.
=700  1\$aPasolini, Pier Paolo,$d1922-1975.
=852  41$aBritish Library$bHMNTS$jYF.2009.a.14956
=856  41$3Table of contents only$uhttp://www.loc.gov/catdir/toc/casalini08/09707034.pdf
=856  41$uhttp://digital.casalini.it/9788859605102
=CAT  \\$a8157$b40$c20090223$lBLL01$h1441
=CAT  \\$a8440$b40$c20090325$lBLL01$h0844
=CAT  \\$a11342$b40$c20090514$lBLL01$h1654
=CAT  \\$aW2308-1659$c20230923$lBLL01$h1136
=FIN  \\$aY$d20090514
=FMT  \\$a  BK
=LAS  \\$aW2308-1659$b00$c20230923$lBLL01$h1136
=SRC  \\$aBLL02

