=LDR  02501cam a2200637 i 4500
=001  020688131
=003  Uk
=005  20230913114123.0
=008  220121s2022\\\\it\\\\\\\b\\\\001\0\ita\d
=010  \\$a  2021441770
=020  \\$a9788833138930
=020  \\$a8833138933
=035  \\$a(OCoLC)1322089542
=040  \\$aItFiC$beng$cDLC$dC3L$dOCLCF$dOCL$dYDX$erda
=042  \\$aukblcatcopy
=043  \\$ae------
=050  \4$aD
=050  00$aD802.E9$bV43 2022
=082  14$a940$214
=100  1\$aVecchio, Giorgio,$d1950-$eauthor.
=245  13$aIl soffio dello Spirito :$bcattolici nelle Resistenze europee /$cGiorgio Vecchio.
=250  \\$aPrima edizione.
=264  \1$aRoma :$bViella,$cmarzo 2022.
=300  \\$a405 pages ;$c21 cm.
=336  \\$atext$btxt$2rdacontent
=337  \\$aunmediated$bn$2rdamedia
=338  \\$avolume$bnc$2rdacarrier
=490  0\$aCollana dell'Istituto Alcide Cervi ;$v3
=504  \\$aIncludes bibliographical references and index.
=647  \7$aGerman Occupation of Italy$c(Italy :$d1943-1945)$0(OCoLC)fst01353177$2fast
=647  \7$aWorld War$d(1939-1945)$0(OCoLC)fst01180924$2fast
=648  \7$a1900-1999$2fast
=650  \0$aWorld War, 1939-1945$xUnderground movements$zEurope.
=650  \0$aWorld War, 1939-1945$xUnderground movements$zItaly.
=650  \0$aWorld War, 1939-1945$xReligious aspects$xCatholic Church.
=650  \0$aCatholics$xPolitical activity$zEurope$xHistory$y20th century.
=650  \0$aCatholics$xPolitical activity$zItaly$xHistory$y20th century.
=650  \7$aCatholics$xPolitical activity.$2fast$0(OCoLC)fst00849319
=650  \7$aWar$xUnderground movements.$2fast$0(OCoLC)fst01355184
=650  \7$aWar$xReligious aspects.$2fast$0(OCoLC)fst01170374
=651  \0$aEurope$xHistory$y1918-1945.
=651  \0$aItaly$xHistory$yGerman occupation, 1943-1945.
=651  \7$aEurope.$2fast$0(OCoLC)fst01245064
=651  \7$aItaly.$2fast$0(OCoLC)fst01204565
=655  \7$aHistory.$2fast$0(OCoLC)fst01411628
=852  41$aBritish Library$bHMNTS$jYF.2023.a.22258
=856  41$3Table of contents only$uhttps://www.loc.gov/catdir/toc/cassalini19/5116830.pdf
=856  41$uhttp://digital.casalini.it/9791254690369
=CAT  \\$aCASALINI$b00$c20220725$lBLL01$h2024
=CAT  \\$aBATCH-UPD$b00$c20220725$lBLL01$h2024
=CAT  \\$a15066$b40$c20230913$lBLL01$h1141
=FIN  \\$aY$d20230913
=FMT  \\$a  BK
=LAS  \\$a15066$b40$c20230913$lBLL01$h1141
=SID  \\$aZ39$bOCLC
=SRC  \\$aCASALINI$b34TKH0a_20220724.mrc

