=LDR  02199cam a2200565 i 4500
=001  020688155
=003  Uk
=005  20230913104307.0
=008  211001s2022\\\\it\a\\\\\b\\\\000\0\ita\d
=010  \\$a  2021441693
=020  \\$a9788868668310
=020  \\$a8868668319
=035  \\$a(OCoLC)1322020648
=040  \\$aItFiC$beng$cDLC$dOCLCF$dC3L$erda
=042  \\$aukblcatcopy
=043  \\$ae-it---
=050  \4$aQ
=050  00$aQ105.I82$bN373 2022
=082  14$a507$214
=100  1\$aCapissi, D.$q(Diletta),$eauthor.
=245  10$aChe fine ha fatto Città della scienza :$bun giallo napoletano o una metafora del Mezzogiorno? /$cDiletta Capissi ; prefazione di Marco Demarco.
=264  \1$aNapoli :$bGuida editori,$c[2022]
=300  \\$a257 pages :$bcolor illustrations ;$c24 cm.
=336  \\$atext$btxt$2rdacontent
=337  \\$aunmediated$bn$2rdamedia
=338  \\$avolume$bnc$2rdacarrier
=490  0\$aPrimo piano
=504  \\$aIncludes bibliographical references.
=610  20$aCittà della scienza (Naples, Italy)$xHistory.
=610  27$aCittà della scienza (Naples, Italy)$2fast$0(OCoLC)fst01652309
=650  \0$aScience museums$zItaly$zNaples$xHistory.
=650  \0$aScience museums$xEducational aspects$zItaly$zNaples$xHistory.
=650  \0$aIndustrial museums$zItaly$zNaples$xHistory.
=650  \7$aIndustrial museums.$2fast$0(OCoLC)fst00971381
=650  \7$aScience museums.$2fast$0(OCoLC)fst01108738
=650  \7$aScience museums$xEducational aspects.$2fast$0(OCoLC)fst01108741
=651  \7$aItaly$zNaples.$2fast$0(OCoLC)fst01204441
=655  \7$aHistory.$2fast$0(OCoLC)fst01411628
=852  41$aBritish Library$bHMNTS$jYF.2023.a.22257
=856  41$3Table of contents only$uhttps://www.loc.gov/catdir/toc/cassalini19/5020229.pdf
=856  41$uhttp://digital.casalini.it/9788868668310
=CAT  \\$aCASALINI$b00$c20220725$lBLL01$h2024
=CAT  \\$aBATCH-UPD$b00$c20220725$lBLL01$h2024
=CAT  \\$a15066$b40$c20230913$lBLL01$h1043
=CAT  \\$aBATCH-UPD$b40$c20230914$lBLL01$h1354
=FIN  \\$aY$d20230913
=FMT  \\$a  BK
=LAS  \\$aBATCH-UPD$b40$c20230914$lBLL01$h1354
=SID  \\$aZ39$bOCLC
=SRC  \\$aCASALINI$b34TKH0a_20220724.mrc

