=LDR  02386cam a2200601 i 4500
=001  020757343
=003  Uk
=005  20221102134629.0
=008  211004t20222022it\abf\\\b\\\\001\0\ita\d
=010  \\$a  2021440203
=020  \\$a9788833138381$qpaperback
=020  \\$a8833138380
=035  \\$a(OCoLC)1334379540
=040  \\$aItFiC$beng$cDLC$dUBY$dOCLCF$dC3L$dHTV$dNARDE$dYDX$dUk$erda
=042  \\$aukblderived
=043  \\$ae-it---
=050  00$aDG811$b.I58 2022
=082  14$a945$214
=100  1\$aInternullo, Dario,$eauthor.
=245  10$aSenato sapiente :$bl'alba della cultura laica a Roma nel Medioevo (secoli XI-XII) /$cDario Internullo.
=246  30$aAlba della cultura laica a Roma nel Medioevo (secoli XI-XII)
=246  3\$aAlba della cultura laica a Roma nel Medioevo (secoli 11o-12o)
=246  3\$aAlba della cultura laica a Roma nel Medioevo (secoli undicesimo-dodicesimo)
=250  \\$aPrima edizione.
=264  \1$aRoma :$bViella,$cmaggio 2022.
=300  \\$a407 pages, 8 pages of plates :$bcolor illustrations, color map ;$c21 cm.
=336  \\$atext$btxt$2rdacontent
=336  \\$astill image$bsti$2rdacontent
=337  \\$aunmediated$bn$2rdamedia
=338  \\$avolume$bnc$2rdacarrier
=490  1\$aLa corte dei papi ;$v33
=504  \\$aIncludes bibliographical references (pages 367-395) and index.
=650  \0$aMunicipal government$zItaly$zRome$xHistory$yTo 1500.
=650  \7$aIntellectual life.$2fast$0(OCoLC)fst00975769
=650  \7$aMunicipal government.$2fast$0(OCoLC)fst01029299
=651  \0$aRome (Italy)$xHistory$y476-1420.
=651  \0$aRome (Italy)$xIntellectual life.
=651  \7$aItaly$zRome.$2fast$0(OCoLC)fst01204500
=655  \7$aHistory.$2fast$0(OCoLC)fst01411628
=830  \0$aCorte dei papi ;$v33.
=852  41$aBritish Library$bHMNTS$jYF.2022.a.26531
=856  41$3Table of contents only$uhttps://www.loc.gov/catdir/toc/casalini19/5022318.pdf
=856  41$uhttp://digital.casalini.it/9791254690499
=CAT  \\$aCASALINI$b00$c20220926$lBLL01$h2022
=CAT  \\$aBATCH-UPD$b00$c20220926$lBLL01$h2022
=CAT  \\$a15989$b40$c20221101$lBLL01$h1145
=CAT  \\$a10904$b40$c20221102$lBLL01$h1344
=CAT  \\$a10904$b40$c20221102$lBLL01$h1344
=CAT  \\$a10904$b40$c20221102$lBLL01$h1346
=FIN  \\$aY$d20221101
=FMT  \\$a  BK
=LAS  \\$a10904$b40$c20221102$lBLL01$h1346
=SID  \\$aZ39$bOCLC

