=LDR  02055cam a2200505 i 4500
=001  020788457
=003  Uk
=005  20230807084549.0
=008  220930s2022\\\\it\af\\\\b\\\\001\0\ita\d
=010  \\$a  2022379547
=020  \\$a9788822268266$q(paperback)
=020  \\$a8822268261
=035  \\$a(OCoLC)1347784516
=040  \\$aItFiC$beng$cDLC$dWAU$dGUA$dOCLCF$dCGU$dC3L$dCUY$erda
=041  0\$aita
=042  \\$aukblcatcopy
=050  \4$aN
=050  00$aN6923.R853$bD53 2022
=082  14$a709$214
=245  00$aDialoghi fra l'Io e l'Anima :$bgli ultimi pensieri di Luigi Russolo : con l'edizione critica dell'autografo /$cGiuliano Bellorini, Anna Gasparotto, Maria Luisa Gasparotto.
=264  \1$aFirenze :$bLeo S. Olschki editore,$cMMXXII.
=300  \\$aix, 245 pages, 16 unnumbered pages of plates :$billustrations (some color) ;$c24 cm
=336  \\$atext$btxt$2rdacontent
=337  \\$aunmediated$bn$2rdamedia
=338  \\$avolume$bnc$2rdacarrier
=490  0\$aBiblioteca dell'"Archivum Romanicum." Serie I, Storia, letteratura, paleografia,$x0066-6807 ;$v525
=504  \\$aIncludes bibliographical references and index.
=600  10$aRussolo, Luigi$xCriticism and interpretation.
=600  10$aRussolo, Luigi.$tDialoghi fra l'io e l'anima.
=600  17$aRussolo, Luigi$2fast$0(OCoLC)fst00051363
=650  \0$aArt$xPhilosophy.
=650  \0$aAesthetics.
=655  \7$aCriticism, interpretation, etc.$2fast$0(OCoLC)fst01411635
=700  12$aBellorini, Giuliano.$tCantus Abscissus.
=700  12$iContainer of (work):$aRussolo, Luigi.$tDialoghi fra l'io e l'anima.
=852  41$aBritish Library$bHMNTS$jYF.2023.a.18821
=856  41$3Table of contents only$uhttps://www.loc.gov/catdir/toc/casalini19/5330062.pdf
=856  41$uhttp://digital.casalini.it/9788822285249
=CAT  \\$a15954$b40$c20221026$lBLL01$h1625
=CAT  \\$aBATCH-ROF$b00$c20221029$lBLL01$h1731
=CAT  \\$a15066$b40$c20230807$lBLL01$h0845
=FIN  \\$aY$d20230807
=FMT  \\$a  BK
=LAS  \\$a15066$b40$c20230807$lBLL01$h0845
=SID  \\$aZ39$bOCLC

