=LDR  02420cam a22006257i 4500
=001  020881719
=003  Uk
=005  20230428215509.0
=008  220218s2022\\\\it\\\\\\\b\\\\001\0\ita\d
=010  \\$a  2022379722
=020  \\$a9788893596640
=020  \\$a8893596644
=020  \\$a9788893596657$qpdf
=020  \\$a8893596652
=035  \\$a(OCoLC)1353216146$z(OCoLC)1343693572
=040  \\$aItFiC$beng$cDLC$dDEBBG$dZCU$dC3L$dOCLCF$dUk$erda
=042  \\$aukblderived
=043  \\$ae-it---
=050  00$aHD679.T87$bO55 2022
=082  14$a333$214
=084  \\$aHIST$qDE-12$2fid
=100  1\$aOnishi, Katsunori,$eauthor.
=245  13$aIl progetto di catasto generale nella Toscana del Settecento :$buna polemica sulla riforma leopoldina /$cKatsunori Onishi.
=246  3\$aProgetto di catasto generale nella Toscana del '700
=264  \1$aRoma :$bEdizioni di storia e letteratura,$c2022.
=300  \\$axxii, 217 pages ;$c24 cm.
=336  \\$atext$btxt$2rdacontent
=337  \\$aunmediated$bn$2rdamedia
=338  \\$avolume$bnc$2rdacarrier
=490  0\$aBiblioteca del XVIII secolo. "Settecento italiano" ;$v41
=504  \\$aIncludes bibliographical references and index.
=648  \7$a1700-1801$2fast
=650  \0$aCadastres$zItaly$zTuscany$xHistory$y18th century.
=650  \0$aLand tenure$zItaly$zTuscany$xHistory$y18th century.
=650  \7$aCadastres.$2fast$0(OCoLC)fst00843711
=650  \7$aEconomic history.$2fast$0(OCoLC)fst00901974
=650  \7$aLand tenure.$2fast$0(OCoLC)fst00991362
=650  07$aKataster.$0(DE-588)4029926-0$2gnd
=651  \0$aTuscany (Italy)$xHistory$y1737-1801.
=651  \0$aTuscany (Italy)$xEconomic conditions$y1737-1801.
=651  \7$aItaly$zTuscany.$2fast$0(OCoLC)fst01204477
=651  \7$aToskana.$0(DE-588)4060485-8$2gnd
=655  \7$aHistory.$2fast$0(OCoLC)fst01411628
=690  7\$aManagement and Business Studies$2blcoll
=852  41$aBritish Library$bHMNTS$jYF.2023.a.8778
=856  41$3Table of contents only$uhttps://www.loc.gov/catdir/toc/casalini19/5311264.pdf
=856  41$uhttp://digital.casalini.it/9788893596657
=CAT  \\$aCASALINI$b00$c20230123$lBLL01$h2021
=CAT  \\$aBATCH-UPD$b00$c20230123$lBLL01$h2021
=CAT  \\$a11131$b40$c20230406$lBLL01$h1403
=CAT  \\$aBATCH-MBS$c20230428$lBLL01$h2155
=FIN  \\$aY$d20230406
=FMT  \\$a  BK
=LAS  \\$aBATCH-MBS$b00$c20230428$lBLL01$h2155
=SID  \\$aZ39$bOCLC

