=LDR  02812cam a22006737i 4500
=001  021047558
=003  Uk
=005  20230509134755.0
=008  230116s2023\\\\it\af\\\\b\\\\001\0\ita\d
=010  \\$a  2023372218
=020  \\$a9791254692967$qpaperback
=035  \\$a(OCoLC)1374579758
=040  \\$aItFiC$beng$cDLC$dC3L$dOCLCF$dNARDE$dDEBBG$dUk$erda
=042  \\$aukblcatcopy
=043  \\$ae-it---$ae-gx---
=050  00$aDG571$b.G28 2023
=082  14$a945$214
=084  \\$aHIST$qDE-12$2fid
=100  1\$aGaudenzi, Bianca,$eauthor.
=245  10$aFascismi in vetrina :$bPubblicità e modelli di consumo nel Ventennio e nel Terzo Reich /$cBianca Gaudenzi.
=250  \\$aPrima edizione.
=264  \1$aRoma :$bViella,$c[2023]
=300  \\$a321 pages, 24 unnumbered pages of plates :$billustrations ;$c21 cm.
=336  \\$atext$btxt$2rdacontent
=337  \\$aunmediated$bn$2rdamedia
=338  \\$avolume$bnc$2rdacarrier
=490  0\$aI libri di Viella ;$v446
=504  \\$aIncludes bibliographical references (pages 281-315) and index.
=648  \7$a1900-1999$2fast
=650  \0$aFascist propaganda$zItaly$xHistory$y20th century.
=650  \0$aNazi propaganda$zGermany$xHistory$y20th century.
=650  \0$aAdvertising$xPolitical aspects$zItaly$xHistory$y20th century.
=650  \0$aAdvertising$xPolitical aspects$zGermany$xHistory$y20th century.
=650  \0$aFascism and art$zItaly$xHistory$y20th century.
=650  \0$aNational socialism and art.
=650  \0$aConsumption (Economics)$zItaly$xHistory$y20th century.
=650  \0$aConsumption (Economics)$zGermany$xHistory$y20th century.
=650  \7$aAdvertising$xPolitical aspects.$2fast$0(OCoLC)fst00797729
=650  \7$aConsumption (Economics)$2fast$0(OCoLC)fst00876455
=650  \7$aFascism and art.$2fast$0(OCoLC)fst00921569
=650  \7$aFascist propaganda.$2fast$0(OCoLC)fst00921597
=650  \7$aNational socialism and art.$2fast$0(OCoLC)fst01033786
=650  \7$aNazi propaganda.$2fast$0(OCoLC)fst01035218
=650  \7$aPolitics and government.$2fast$0(OCoLC)fst01919741
=651  \0$aItaly$xPolitics and government$y1922-1945.
=651  \0$aGermany$xPolitics and government$y1933-1945.
=651  \7$aGermany.$2fast$0(OCoLC)fst01210272
=651  \7$aItaly.$2fast$0(OCoLC)fst01204565
=655  \7$aHistory.$2fast$0(OCoLC)fst01411628
=852  41$aBritish Library$bHMNTS$jYF.2023.a.11040
=856  41$3Table of contents only$uhttps://www.loc.gov/catdir/toc/casalini19/5395921.pdf
=856  41$uhttp://digital.casalini.it/9791254692585
=CAT  \\$a15954$b40$c20230509$lBLL01$h1342
=CAT  \\$a15954$b40$c20230509$lBLL01$h1347
=CAT  \\$aW2308-1659$c20230923$lBLL01$h1142
=FIN  \\$aY$d20230509
=FMT  \\$a  BK
=LAS  \\$aW2308-1659$b00$c20230923$lBLL01$h1142
=SID  \\$aZ39$bOCLC

