=LDR  03586cam a2200637 i 4500
=001  021052360
=003  Uk
=005  20230605140114.0
=008  221024s2022\\\\it\a\\\\\b\\\\010\0\eng\d
=010  \\$a  2022413778
=020  \\$a9791254691052
=020  \\$z9791254691694$qpaperback$qpdf
=035  \\$a(OCoLC)1353216690
=040  \\$aItFiC$beng$cDLC$dNDD$dERASA$dC3L$dOCLCF$dUk$erda
=041  0\$aeng$aita
=042  \\$aukblderived
=043  \\$ae-it---
=050  00$aN6919.S6$bM43 2022
=082  14$a945$214
=245  04$aThe Medieval Kingdom of Sicily image database :$ba tribute to Caroline Bruzelius /$cedited by Paola Vitolo.
=250  \\$aPrima edizione.
=264  \1$aRoma :$bViella,$cottobre 2022.
=300  \\$a206 pages :$billustrations (some color) ;$c24 cm
=336  \\$atext$btxt$2rdacontent
=337  \\$aunmediated$bn$2rdamedia
=338  \\$avolume$bnc$2rdacarrier
=504  \\$aIncludes bibliographical references.
=520  \\$a"In 2021 a group of researchers and students on both sides of the Atlantic Ocean toasted ten years of The Medieval Kingdom of Sicily Image Database project (https://kos.aahvs.duke.edu/). This collection of historical images of medieval monuments in Southern Italy was launched in 2011. Its purpose was to document the complex history of this highly diverse patrimony with visual documents that testify to the cultural richness of the Italian South. Online since October 2016, the project was fostered by Caroline Bruzelius at Duke University (NC). It has now become an invaluable research and study tool thanks to her charisma and her indefatigable enthusiasm in the face of ever-new intellectual challenges. Both these gifts have helped her become as much a leading light in the world of Digital Humanities as she had already become in the field of medieval architecture. The papers presented in this volume, authored by both her colleagues and students, pay tribute to her and celebrate ten years of the project. They reap the harvest of the ambitious and visionary idea that Caroline Bruzelius planted to set it all in motion."$c--Provided by publisher.
=546  \\$aTexts in English and Italian.
=600  10$aBruzelius, Caroline Astrid.
=610  20$aMedieval Kingdom of Sicily image database (Project)
=650  \0$aArt, Italian$zItaly, Southern$xDatabases.
=650  \0$aArt, Medieval$zItaly, Southern$vDatabases.
=650  \0$aArt, Italian$zItaly, Southern$xData processing.
=650  \0$aArt, Medieval$zItaly, Southern$xData processing.
=650  \0$aImage processing.
=650  \7$aArchitecture, Medieval.$2fast$0(OCoLC)fst00813825
=650  \7$aArt, Medieval.$2fast$0(OCoLC)fst00816576
=650  \7$aDigital humanities.$2fast$0(OCoLC)fst00963599
=650  \7$aHistoric sites.$2fast$0(OCoLC)fst00957846
=651  \7$aKingdom of the Two Sicilies.$2fast$0(OCoLC)fst01253918
=655  \7$aHistory.$2fast$0(OCoLC)fst01411628
=655  \7$aPictorial works.$2fast$0(OCoLC)fst01423874
=700  1\$aVitolo, Paola,$eeditor.
=700  1\$aBruzelius, Caroline Astrid,$ehonoree.
=852  41$aBritish Library$bHMNTS$jYF.2023.a.12913
=856  41$3Table of contents only$uhttps://www.loc.gov/catdir/toc/casalini19/5367754.pdf
=856  41$uhttp://digital.casalini.it/9791254691694
=CAT  \\$aCASALINI$b00$c20230515$lBLL01$h1145
=CAT  \\$aBATCH-UPD$b00$c20230515$lBLL01$h1146
=CAT  \\$a15989$b40$c20230605$lBLL01$h1400
=CAT  \\$a15989$b40$c20230605$lBLL01$h1401
=FIN  \\$aY$d20230605
=FMT  \\$a  BK
=LAS  \\$a15989$b40$c20230605$lBLL01$h1401
=SID  \\$aZ39$bOCLC

