=LDR  01801 am a22004697a 4500
=001  013025569
=003  Uk
=005  20050603133953.0
=008  040705s2003\\\\it\\\\\\\b\\\\001\0\ita\d
=020  \\$a8884530997 (pbk.)
=035  \\$a(ItFiC)it03688259
=040  \\$aDLC$cDLC$dUk
=100  10$aDe Boni, Claudio,$d1950-
=245  10$aDescrivere il futuro :$bscienza e utopia in Francia nell'età del positivismo /$cClaudio De Boni.
=260  \\$aFirenze :$bFirenze University Press,$c2003.
=300  \\$a135 p. ;$c24 cm.
=336  \\$atext$2rdacontent
=337  \\$aunmediated$2rdamedia
=338  \\$avolume$2rdacarrier
=490  1\$aSeminario di storia delle idee politiche. Nuova serie
=504  \\$aIncludes bibliographical references and index.
=600  10$aComte, Auguste,$d1798-1857$xInfluence.
=650  \0$aScience$zFrance$xHistory$y19th century.
=650  \0$aPositivism$zFrance.
=650  \0$aUtopias$zFrance.
=710  2\$aFacoltà di scienze politiche "Cesare Alfieri".$bDipartimento di studi sullo Stato.
=830  \0$aSeminario di storia delle idee politiche.$pNuova serie
=852  41$aBritish Library$bHMNTS$jYF.2005.a.17046
=856  42$3http://www.ilibri.casalini.it/fu$uhttp://digital.casalini.it/8884530989
=CAT  \\$a9723$b40$c20041029$lBLL01$h0943
=CAT  \\$a5521$b40$c20050602$lBLL01$h1000
=CAT  \\$a5521$b40$c20050603$lBLL01$h0906
=CAT  \\$a7196$b40$c20050603$lBLL01$h1339
=CAT  \\$aUE-01$b00$c20050603$lBLL01$h1852
=CAT  \\$aBATCH-UPD$b00$c20080925$lBLL01$h1120
=CAT  \\$aBATCH-UPD$b00$c20080929$lBLL01$h0310
=CAT  \\$aBATCH$b00$c20091217$lBLL01$h0331
=CAT  \\$aBATCH-UPD$b00$c20200819$lBLL01$h1556
=FIN  \\$aY$d20050602
=FMT  \\$a  BK
=LAS  \\$aBATCH-UPD$b00$c20200819$lBLL01$h1556
=SID  \\$aZ39$bLOC

