=LDR  02949cam a22007215a 4500
=001  013257118
=003  Uk
=005  20221231211127.0
=008  050321s2004\\\\it\\\\\\\b\\\\001\0\fre\c
=020  \\$a2728307075
=040  \\$aC3L$cC3L$dTZT$dCGU$dOCL
=042  \\$apcc
=043  \\$ae-it---
=045  \\$ao0s9
=050  \4$aNA7355$b.L47 2004
=072  \7$aDG$2lcco
=082  14$a270$221
=100  1\$aLe Pogam, Pierre-Yves.
=245  14$aLes maîtres d'œuvre au service de la papauté dans la seconde moitié du XIII siècle /$cPierre Yves Le Pogam.
=260  \\$aRoma :$bEcole française de Rome,$c2004.
=300  \\$a199 p. ;$c24 cm.
=336  \\$atext$2rdacontent
=337  \\$aunmediated$2rdamedia
=338  \\$avolume$2rdacarrier
=490  1\$aCollection de l'Ecole française de Rome ;$v337
=504  \\$aIncludes bibliographical references and index.
=540  \\$aCurrent Copyright Fee: GBP25.00$c0$5Uk
=650  \0$aPopes$xDwellings$zItaly$xHistory.
=650  \0$aArchitecture, Medieval$zItaly.
=650  \0$aArchitecture, Domestic$zItaly.
=653  \\$aItalian mediaeval architecture$aHistorical studies$aPapal houses and castles$a13th century
=830  \0$aCollection de l'École française de Rome ;$v337.
=852  41$aBritish Library$bDSC$j3310.417000$ino. 337
=856  42$3http://www.ilibri.casalini.it/fu$uhttp://digital.casalini.it/2728307075
=985  \\$aProvisional Record
=ACF  \\$aPrevious copyright fee: GBP12.00$c0$e01-jan-2012$fGBP12.00$g0$hA$5Uk
=ACF  \\$aPrevious Copyright Fee: GBP12.30$c0$e01-jan-2014$fGBP12.30$g0$hA$5Uk
=ACF  \\$aPrevious Copyright Fee: GBP15.00$c0$e01-jan-2017$fGBP15.00$g0$hA$5Uk
=ACF  \\$aPrevious Copyright Fee: GBP20.00$c0$e01-jan-2020$fGBP20.00$g0$hA$5Uk
=CAT  \\$a9504$b40$c20050720$lBLL01$h1359
=CAT  \\$aBATCH$b00$c20091217$lBLL01$h0356
=CAT  \\$aBATCH-UPD$b00$c20120927$lBLL01$h2123
=CAT  \\$aBATCH-CLA$b00$c20130527$lBLL01$h0134
=CAT  \\$aBATCH-CLA$c20131220$lBLL01$h2034
=CAT  \\$aIPL-CLA$c20131231$lBLL01$h2352
=CAT  \\$aBATCH-CLA$b00$c20161222$lBLL01$h1806
=CAT  \\$aIPL-CLA$c20161230$lBLL01$h2143
=CAT  \\$aBATCH-CLA$b00$c20171222$lBLL01$h2128
=CAT  \\$aIPL-CLA$c20171231$lBLL01$h1645
=CAT  \\$aBATCH-CLA$b00$c20191219$lBLL01$h1734
=CAT  \\$aIPL-CLA$c20191231$lBLL01$h1934
=CAT  \\$aR2001-1524$c20200127$lBLL01$h2012
=CAT  \\$aBATCH-CLA$b00$c20200128$lBLL01$h0448
=CAT  \\$aBATCH-CLA$b00$c20201204$lBLL01$h1535
=CAT  \\$aIPL-CLA$c20201231$lBLL01$h2202
=CAT  \\$aBATCH-CLA$b00$c20221221$lBLL01$h1844
=CAT  \\$aIPL-CLA$c20221231$lBLL01$h2111
=CFI  0\$aCurrent Copyright Fee: GBP25.00$c0$e01-jan-2023$fGBP25.00$g0$hA$5Uk
=CFI  2\$aPrevious Copyright Fee: GBP22.50$c0$e01-jan-2021$fGBP22.50$g0$hA$5Uk
=FIN  \\$aY$d20050720
=FMT  \\$a  BK
=LAS  \\$aIPL-CLA$b00$c20221231$lBLL01$h2111
=SID  \\$aZ39$bOCLC

