=LDR  01627 am a22004337a 4500
=001  013418161
=003  Uk
=005  20060307084234.0
=008  040719s2004\\\\it\\\\\\\b\\\\001\0\ita\d
=020  \\$a8887298521 (pbk.)
=040  \\$aC3L$cC3L$dOCLCQ$dUk
=043  \\$ae-it---
=045  \\$aw1w9$ax0x4$ax4x-
=082  14$a320$212
=100  1\$aLa Puma, Leonardo.
=245  10$aContro le egemonie :$bpercorsi della cultura politica tra Ottocento e Novecento /$cLeonardo La Puma.
=250  \\$a[Nuova ed.].
=260  \\$aGenova :$bName,$c2004.
=300  \\$a151 p. ;$c21 cm.
=336  \\$atext$2rdacontent
=337  \\$aunmediated$2rdamedia
=338  \\$avolume$2rdacarrier
=490  1\$aStoria delle idee e delle istituzioni politiche, Età contemporanea. Sezione Studi ;$v7
=500  \\$aPrevious ed.: Lecce : Capone, 1988.
=504  \\$aIncludes bibliographical references and index.
=650  \0$aPolitical ethics$zItaly$xHistory$y19th century.
=650  \0$aPolitical ethics$zItaly$xHistory$y20th century.
=830  \0$aStoria delle idee e delle istituzioni politiche, Età contemporanea.$pSezione Studi ;$v7.
=852  41$aBritish Library$bHMNTS$jYF.2006.a.6263
=856  42$3http://www.ilibri.casalini.it/fu$uhttp://digital.casalini.it/8887298521
=CAT  \\$a5521$b40$c20060303$lBLL01$h1142
=CAT  \\$a5521$b40$c20060307$lBLL01$h0842
=CAT  \\$aBATCH$b00$c20091217$lBLL01$h0415
=CAT  \\$aBATCH$b00$c20100103$lBLL01$h1209
=CAT  \\$aBATCH-UPD$b00$c20160728$lBLL01$h2059
=FIN  \\$aY$d20060303
=FMT  \\$a  BK
=LAS  \\$aBATCH-UPD$b00$c20160728$lBLL01$h2059
=SID  \\$aZ39$bOCLC

