=LDR  01739 am a2200469 a 4500
=001  013519689
=003  Uk
=005  20060728090047.0
=008  060117s2004\\\\it\\\\\\\b\\\\001\0\fre\c
=010  \\$a  2006352554
=020  \\$a2728307075 (pbk.)
=035  \\$a(OCoLC)ocm58562447
=040  \\$aC3L$cC3L$dTZT$dCGU$dOCL$dDLC$dUk
=043  \\$ae-it---
=045  \\$ao0s9
=050  00$aNA7355$b.L4 2004
=072  \7$aDG$2lcco
=100  1\$aLe Pogam, Pierre-Yves.
=245  14$aLes maîtres d'œuvre au service de la papauté dans la seconde moitié du XIII siècle /$cPierre Yves Le Pogam.
=260  \\$aRoma :$bEcole française de Rome,$c2004.
=300  \\$a199 p. ;$c24 cm.
=336  \\$atext$2rdacontent
=337  \\$aunmediated$2rdamedia
=338  \\$avolume$2rdacarrier
=490  1\$aCollection de l'Ecole française de Rome,$x0223-5099 ;$v337
=504  \\$aIncludes bibliographical references and indexes.
=650  \0$aPopes$xDwellings$zItaly$xHistory.
=650  \0$aArchitecture, Medieval$zItaly.
=650  \0$aArchitecture, Domestic$zItaly.
=653  \\$aItalian mediaeval architecture$aHistorical studies$aPapal houses and castles$a13th century
=710  2\$aÉcole française de Rome.
=830  \0$aCollection de l'Ecole française de Rome,$x0223-5099 ;$v337
=852  41$aBritish Library$bHMNTS$jAC.5233.a/337
=856  42$3http://www.ilibri.casalini.it/fu$uhttp://digital.casalini.it/2728307075
=CAT  \\$a7483$b40$c20060728$lBLL01$h0900
=CAT  \\$aBATCH-UPD$b40$c20071208$lBLL01$h1910
=CAT  \\$aBATCH$b00$c20091217$lBLL01$h0427
=CAT  \\$aBATCH$b00$c20100103$lBLL01$h1221
=FIN  \\$aY$d20060728
=FMT  \\$a  BK
=LAS  \\$aBATCH$b00$c20100103$lBLL01$h1221
=SRC  \\$aBLL02

