=LDR  01898cam a2200505 i 4500
=001  020339093
=003  Uk
=005  20230227132558.0
=008  201026t20212021it\a\\\\\b\\\\001\0\ita\c
=010  \\$a2020490993  
=020  \\$a9788893500630
=020  \\$a8893500639
=035  \\$a(OCoLC)1235966938
=040  \\$aItFiC$beng$cDLC$dC3L$dIND$dOCLCF$dOCLCO$dUBY$dOCLCO$dDGU$dOCL$dOCLCO$dCHSBT$dOCLCO$erda
=042  \\$aukblderived
=050  00$aPQ4390$b.P5243 2021
=082  14$a851$214
=100  1\$aPertile, Lino,$eauthor.
=240  10$aEssays.$kSelections
=245  10$aDante popolare /$cLino Pertile.
=264  \1$aRavenna :$bLongo editore,$c[2021]
=264  \4$c©2021
=300  \\$a385 pages :$billustrations ;$c23 cm.
=336  \\$atext$2rdacontent
=336  \\$astill image$2rdacontent
=337  \\$aunmediated$2rdamedia
=338  \\$avolume$2rdacarrier
=490  1\$aMemoria del tempo ;$v68
=504  \\$aIncludes bibliographical references (pages 335-375) and index.
=600  00$aDante Alighieri,$d1265-1321.$tDivina commedia.
=600  00$aDante Alighieri,$d1265-1321$xAppreciation.
=600  07$aDante Alighieri,$d1265-1321$2fast$0(OCoLC)fst00029097
=600  17$aAlighieri, Dante$tDivina Commedia.$2sbt
=630  07$aDivina commedia (Dante Alighieri)$2fast$0(OCoLC)fst01356246
=650  \7$aArt appreciation.$2fast$0(OCoLC)fst00815447
=830  \0$aMemoria del tempo (Longo editore) ;$v68.
=852  41$aBritish Library$bHMNTS$jYF.2023.a.15662
=856  42$3Table of contents only$uhttps://www.loc.gov/catdir/toc/cassalini18/4710281.pdf
=856  42$3Summary and Table of contents$uhttp://digital.casalini.it/9788893500630
=CAT  \\$aBATCH-WEL$b00$c20230227$lBLL01$h1325
=CAT  \\$aBATCH-UPD$b00$c20230227$lBLL01$h1330
=FIN  \\$aY$d20230227
=FMT  \\$a  BK
=LAS  \\$aBATCH-UPD$b00$c20230227$lBLL01$h1330
=SRC  \\$aOCLC$bOCLChits2301.lex

