=LDR  01768cam a22005057a 4500
=001  014654407
=003  Uk
=005  20090325080437.0
=008  060828s2003\\\\it\\\\\\\\\\\\100\0\ita\d
=020  \\$a8879232924
=020  \\$a9788879232920
=035  \\$a(OCoLC)275173967
=040  \\$aNz$beng$cUX0$dUk
=041  0\$aita$aeng
=042  \\$aukblderived
=043  \\$ae-it---
=045  \\$ao0s9
=245  00$aGuido Cavalcanti tra i suoi lettori /$ca cura di Maria Luisa Ardizzone.
=260  \\$aFiesole (Firenze) :$bCadmo,$c2003.
=300  \\$a296 p. ;$c24 cm.
=336  \\$atext$2rdacontent
=337  \\$aunmediated$2rdamedia
=338  \\$avolume$2rdacarrier
=500  \\$aProceedings, New York (USA), 2000, on the occasion of the 7th centenary of the death of G. Cavalcanti (1250 ca.-1300), poet.
=504  \\$aIncludes bibliographical references.
=546  \\$aTexts in English or Italian.
=591  \\$aPapers
=600  10$aCavalcanti, Guido,$d-1300$vCongresses.
=653  1\$aCavalcanti
=655  \7$aElectronic book$2local
=700  1\$aArdizzone, Maria Luisa.
=852  41$aBritish Library$bDSC$jm09/.17635
=856  40$uhttp://helicon.vuw.ac.nz/login?url=http://digital.casalini.it/8879232924$zClick here to access
=985  \\$aRecord amended for WR# 13/070
=CAT  \\$a8157$b40$c20080627$lBLL01$h0859
=CAT  \\$a8440$b40$c20090325$lBLL01$h0710
=CAT  \\$a8962$b40$c20090325$lBLL01$h0801
=CAT  \\$a8962$b40$c20090325$lBLL01$h0804
=CAT  \\$aWR13_070$b00$c20130504$lBLL01$h0304
=CAT  \\$aW2308-1659$c20230923$lBLL01$h1125
=CNF  \\$aGuido Cavalcanti (Symposium)$d(2000 Nov :$cNew York, NY)
=FIN  \\$aY$d20090325
=FMT  \\$a  BK
=LAS  \\$aW2308-1659$b00$c20230923$lBLL01$h1125
=SID  \\$aZ39$bOCLC

