=LDR  01475cam a2200433 a 4500
=001  014940187
=003  Uk
=005  20090923114359.0
=008  090309s2006\\\\it\a\\\\\b\\\\000\0\ita\d
=020  \\$a9788854807631 (pbk.)
=020  \\$a885480763X (pbk.)
=035  \\$a(OCoLC)313645895
=040  \\$aC3L$cC3L$dFXM$dUk
=042  \\$aukblsr
=043  \\$ae-uk---
=045  \\$ax0x4
=050  \4$aN6768.5.V6$bP53 2006
=082  14$a709$221
=100  1\$aPicello, Raffaella.
=245  12$aL'anello mancante :$bun'avanguardia d'oltremanica : il vorticismo /$cRaffaella Picello.
=250  \\$a1. ed.
=260  \\$aRoma :$bAracne,$c2006.
=300  \\$a118 p. :$bill. (some col.) ;$c24 cm.
=336  \\$atext$2rdacontent
=337  \\$aunmediated$2rdamedia
=338  \\$avolume$2rdacarrier
=490  0\$aScienze dell'antichità, filologico-letterarie e storico-artistiche ;$v203
=500  \\$aElectronic ed. avail. at the URL: http: / / digital.casalini.it/ 885480763X.
=504  \\$aIncludes bibliographical references (p. 115-118).
=650  \0$aVorticism$zGreat Britain.
=852  41$aBritish Library$bHMNTS$jYF.2009.a.27360
=856  42$uhttp://digital.casalini.it/885480763X$zLink to digital version
=CAT  \\$a8197$b40$c20090326$lBLL01$h0956
=CAT  \\$a7483$b40$c20090923$lBLL01$h1143
=CAT  \\$aW2308-1659$c20230923$lBLL01$h1137
=FIN  \\$aY$d20090923
=FMT  \\$a  BK
=LAS  \\$aW2308-1659$b00$c20230923$lBLL01$h1137
=SID  \\$aZ39$bOCLC

