=LDR  03329cam a22005177i 4500
=001  020221010
=003  Uk
=005  20210609094437.0
=008  201204s2020\\\\sp\a\\\\\b\\\\000\0\spa\d
=020  \\$a9788491921646$qIberoamericana
=020  \\$a8491921648$qIberoamericana
=020  \\$a9783968690599$qVervuert
=020  \\$a3968690591$qVervuert
=020  \\$z9783968690605$qe-book
=035  \\$a(OCoLC)1225907862
=040  \\$aERASA$beng$cERASA$dC3L$dVA@$dOCLCO$dIND$dPIT$dOCLCO$dOCLCF$dPL#$dDGU$dUk$erda
=042  \\$aukblcatcopy
=043  \\$an-mx---
=050  \4$aPQ7236.5.S8$bW65 2020
=082  04$a440
=100  1\$aWolfenzon, Carolyn,$d1975-$eauthor.
=245  10$aNuevos fantasmas recorren México :$blo espectral en la literatura mexicana del siglo XXI /$cCarolyn Wolfenzon.
=264  \1$aMadrid :$bIberoamericana ;$aFrankfurt am Main :$bVervuert,$c2020.
=300  \\$a338 pages :$bcolor illustrations ;$c22 cm.
=336  \\$atext$btxt$2rdacontent
=337  \\$aunmediated$bn$2rdamedia
=338  \\$avolume$bnc$2rdacarrier
=490  1\$aNexos y Diferencias. Estudios de la Cultura de América Latina ;$v65
=504  \\$aIncludes bibliographical references (pages 319-338).
=520  8\$aNuevos fantasmas recorren México propone nuevas aproximaciones al estudio de lo fantasmal en la literatura del siglo XXI mexicana en la obra de ocho autores contemporáneos. Guadalupe Nettel, Valeria Luiselli, Yuri Herrera, Emiliano Monge, Daniel Sada, Élmer Mendoza, Julián Herbert y Carmen Boullosa plantean, de maneras distintas, la representación de un fantasma real, existente y tangible. Para ello usan la forma del inmigrante, del doble (Doppelgänger), de la mujer cuya obra no es leída ni considerada, de las personas que viven sin un propósito en lugares fronterizos y no se sienten parte de lugar alguno. A diferencia de los fantasmas etéreos, característicos de obras como Aura de Carlos Fuentes, o de las almas en pena de Pedro Páramo de Juan Rulfo, o de cualquiera de las apariciones de los cuentos de Francisco Tario, la fantasmagoría en los autores aquí analizados es una tendencia, opción representacional y recurso estético de la narrativa mexicana del siglo XXI. Se trata de un recurso mediante el cual los escritores buscan interpretar una realidad política, histórica, cultural e identitaria: la creación de fantasmas reales, a quienes el sistema trata como si fueran una aparición, un vacío, una corporeidad hueca; como si no fueran nada.
=648  \7$a2000-2099$2fast
=650  \0$aMexican literature$y21st century$xHistory and criticism.
=650  \0$aSupernatural in literature.
=650  \7$aMexican literature.$2fast$0(OCoLC)fst01019210
=650  \7$aSupernatural in literature.$2fast$0(OCoLC)fst01138966
=655  \7$aCriticism, interpretation, etc.$2fast$0(OCoLC)fst01411635
=830  \0$aColección Nexos y diferencias ;$vno. 65.
=852  41$aBritish Library$bHMNTS$jYF.2021.a.3770
=856  42$uhttp://www.puvill.com/toc/9788491921646.pdf$zTable of contents
=856  42$uhttp://digital.casalini.it/9783968690605
=CAT  \\$a11029$b40$c20210609$lBLL01$h0944
=CAT  \\$aW2308-1659$c20230923$lBLL01$h0947
=FIN  \\$aY$d20210609
=FMT  \\$a  BK
=LAS  \\$aW2308-1659$b00$c20230923$lBLL01$h0947
=SID  \\$aZ39$bOCLC

