=LDR  02581cam a2200637 i 4500
=001  020293302
=003  Uk
=005  20230727082332.0
=008  211006s2021\\\\sp\\\\\\\b\\\\000\0\spa\\
=010  \\$a  2021452413
=020  \\$a9788491922049$qpaperback
=020  \\$a8491922040$qpaperback
=020  \\$a9783968691374$q(Vervuert)
=020  \\$a3968691377$q(Vervuert)
=035  \\$a(OCoLC)1262604083
=040  \\$aDLC$beng$cDLC$dOHX$dKUK$dLGG$dC3L$dTXI$dOCLCF$dFDA$dHUL$dJHE$dWAU$dOCL$erda
=041  0\$aspa$aeng
=042  \\$aukblcatcopy
=043  \\$ae-sp---$ae-po---
=050  \4$aPQ
=050  00$aPQ6048.W6$bR43 2021
=082  14$a860$214
=245  00$aRedes y escritoras ibéricas en la esfera cultural de la primera Edad Moderna /$cMaría D. Martos.
=264  \1$aMadrid :$bIberoamericana ;$aFrankfurt am Main :$bVervuert,$c2021.
=300  \\$a457 pages ;$c22 cm.
=336  \\$atext$btxt$2rdacontent
=337  \\$aunmediated$bn$2rdamedia
=338  \\$avolume$bnc$2rdacarrier
=490  1\$aEdiciones de Iberoamericana ;$v121
=504  \\$aIncludes bibliographical references.
=546  \\$aSpanish and English.
=648  \7$a1500-1700$2fast
=650  \0$aWomen and literature$zIberian Peninsula.
=650  \0$aWomen authors$xSocial networks$zIberian Peninsula.
=650  \0$aSpanish literature$yClassical period, 1500-1700$xHistory and criticism.
=650  \0$aPortuguese literature$yClassical period, 1500-1700$xHistory and criticism.
=650  \6$aFemmes et littérature$zIbérique, Péninsule.
=650  \6$aÉcrivaines$xRéseaux sociaux$zIbérique, Péninsule.
=650  \7$aSpanish literature$xClassical period.$2fast$0(OCoLC)fst01711000
=650  \7$aPortuguese literature$xClassical period.$2fast$0(OCoLC)fst01711125
=650  \7$aWomen and literature.$2fast$0(OCoLC)fst01177093
=651  \7$aEurope$zIberian Peninsula.$2fast$0(OCoLC)fst01919592
=655  \7$aCriticism, interpretation, etc.$2fast$0(OCoLC)fst01411635
=700  1\$aMaría, Martos D.,$eeditor.
=830  \0$aEdiciones de Iberoamericana ;$v121.
=852  41$aBritish Library$bHMNTS$jYF.2023.a.17913
=856  42$uhttp://www.puvill.com/toc/9788491922049.pdf$zTable of contents
=856  41$uhttp://digital.casalini.it/9783968691381
=CAT  \\$a8197$b40$c20210812$lBLL01$h1402
=CAT  \\$aBATCH-UPD$b40$c20220213$lBLL01$h2036
=CAT  \\$a15066$b40$c20230727$lBLL01$h0823
=CAT  \\$aW2308-1659$c20230923$lBLL01$h0948
=FIN  \\$aY$d20230727
=FMT  \\$a  BK
=LAS  \\$aW2308-1659$b00$c20230923$lBLL01$h0948
=SID  \\$aZ39$bOCLC

