=LDR  02528cam a2200613 i 4500
=001  019471154
=003  Uk
=005  20220530163132.0
=008  190710s2019\\\\sp\a\\\\\b\\\\000\0\spa\d
=010  \\$a2018457457  
=020  \\$a9788417429607$q(softcover)
=020  \\$a8417429603
=035  \\$a(OCoLC)1111908017
=040  \\$aSP-BaPL$beng$cDLC$dC3L$dOCLCF$dOCLCO$dCMA$dOCLCO$erda
=042  \\$aukblderived
=043  \\$ae-sp---$acl-----
=050  00$aNX705.5.S72$bA533 2019
=082  14$a704$214
=245  00$aConstruyendo patrimonio :$bmecenazgo y promoción artística entre América y Andalucía /$cGuadalupe Romero Sánchez (ed.).
=264  \1$aCastelló de la Plana :$bUniversitat Jaume I,$c[2019]
=300  \\$a219 pages :$billustrations (chiefly color) ;$c26 cm.
=336  \\$atext$2rdacontent
=337  \\$aunmediated$2rdamedia
=338  \\$avolume$2rdacarrier
=490  1\$aBiblioteca potestas ;$v5
=504  \\$aIncludes bibliographical references.
=648  \7$a1600-1799$2fast
=650  \0$aArt patronage$zSpain$zAndalusia$xHistory$y17th century.
=650  \0$aArt patronage$zSpain$zAndalusia$xHistory$y18th century.
=650  \0$aArt, Spanish colonial$zLatin America.
=650  \6$aMécénat$zEspagne$zAndalousie$xHistoire$y17e siècle.
=650  \6$aMécénat$zEspagne$zAndalousie$xHistoire$y18e siècle.
=650  \6$aArt colonial espagnol$zAmérique latine.
=650  \7$aArt patronage.$2fast$0(OCoLC)fst00815756
=650  \7$aArt, Spanish colonial.$2fast$0(OCoLC)fst00816919
=650  \7$aInternational relations.$2fast$0(OCoLC)fst00977053
=651  \0$aAndalusia (Spain)$xRelations$zLatin America.
=651  \0$aLatina America$xRelations$zSpain$zAndalusia.
=651  \6$aAndalousie (Espagne)$xRelations$zAmérique latine.
=651  \7$aLatin America.$2fast$0(OCoLC)fst01245945
=651  \7$aSpain$zAndalusia.$2fast$0(OCoLC)fst01217626
=655  \7$aHistory.$2fast$0(OCoLC)fst01411628
=700  1\$aRomero Sánchez, Guadalupe,$eeditor.
=830  \0$aBiblioteca potestas ;$v5.
=852  41$aBritish Library$bHMNTS$jYF.2022.a.18392
=856  42$uhttp://www.puvill.com/toc/9788417429607.pdf$zTable of contents
=856  41$uhttp://digital.casalini.it/9788417429737
=CAT  \\$aBATCH-WEL$b00$c20220530$lBLL01$h1630
=CAT  \\$aBATCH-UPD$b00$c20220530$lBLL01$h1634
=CAT  \\$aBATCH-UPD$b00$c20230203$lBLL01$h2056
=FIN  \\$aY$d20220530
=FMT  \\$a  BK
=LAS  \\$aBATCH-UPD$b00$c20230203$lBLL01$h2056
=SRC  \\$aOCLC$bOCLChits2205.lex

