=LDR  03312cam a2200829 a 4500
=001  013256935
=003  Uk
=005  20221231211126.0
=008  050601s2005\\\\fr\ac\\\\b\\\\101\0bfre\c
=020  \\$a2728307032 (pbk.)
=040  \\$aTZT$beng$cTZT$dC3L$dCGU$dUk
=041  0\$afre$aita
=042  \\$aukblsr
=043  \\$ae-fr---$ae-it---
=045  \\$ao0s9
=050  \4$aN7483.M26$bE555 2005
=072  \7$aN$2lcco
=082  14$a700$222
=245  00$aEmile Mâle, 1862-1954 :$bla construction de l'œuvre : Rome et l'Italie.
=260  \\$aRome :$bEcole française de Rome,$c2005.
=300  \\$a360 p., [10] p. :$bill., ports. ;$c24 cm.
=336  \\$atext$2rdacontent
=337  \\$aunmediated$2rdamedia
=338  \\$avolume$2rdacarrier
=490  1\$aCollection de l'Ecole française de Rome,$x0223-5099 ;$v345
=540  \\$aCurrent Copyright Fee: GBP25.00$c0$5Uk
=546  \\$aText in French or Italian.
=591  \\$aConference papers.
=600  10$aMâle, Emile,$d1862-1954$vCongresses.
=650  \0$aArt, Medieval$zItaly$vCongresses.
=650  \0$aChristian art and symbolism$zItaly$vCongresses.
=653  1\$aMale
=653  1\$aOeuvre
=710  2\$aÉcole française de Rome.
=830  \0$aCollection de l'Ecole française de Rome,$x0223-5099 ;$v345
=852  41$aBritish Library$bHMNTS$jAC.5233.a/345
=852  41$aBritish Library$bDSC$j3310.417000$i345
=856  42$uhttp://digital.casalini.it/2728307032
=945  \\$aCollection de l'ecole francaise de Rome ; no 345 2005
=ACF  \\$aPrevious copyright fee: GBP12.00$c0$e01-jan-2012$fGBP12.00$g0$hA$5Uk
=ACF  \\$aPrevious Copyright Fee: GBP12.30$c0$e01-jan-2014$fGBP12.30$g0$hA$5Uk
=ACF  \\$aPrevious Copyright Fee: GBP15.00$c0$e01-jan-2017$fGBP15.00$g0$hA$5Uk
=ACF  \\$aPrevious Copyright Fee: GBP20.00$c0$e01-jan-2020$fGBP20.00$g0$hA$5Uk
=CAT  \\$a6098$b40$c20050720$lBLL01$h1149
=CAT  \\$a8962$b40$c20050727$lBLL01$h1336
=CAT  \\$a8962$b40$c20050727$lBLL01$h1347
=CAT  \\$a11312$b40$c20060929$lBLL01$h1204
=CAT  \\$aBATCH-UPD$b40$c20071208$lBLL01$h1910
=CAT  \\$aBATCH-UPD$b40$c20090217$lBLL01$h0128
=CAT  \\$aBATCH$b00$c20091217$lBLL01$h0356
=CAT  \\$aBATCH-CLA$b00$c20130527$lBLL01$h0134
=CAT  \\$aBATCH-CLA$c20131220$lBLL01$h2034
=CAT  \\$aIPL-CLA$c20131231$lBLL01$h2352
=CAT  \\$aBATCH-CLA$b00$c20161222$lBLL01$h1806
=CAT  \\$aIPL-CLA$c20161230$lBLL01$h2143
=CAT  \\$aBATCH-CLA$b00$c20171222$lBLL01$h2128
=CAT  \\$aIPL-CLA$c20171231$lBLL01$h1645
=CAT  \\$aBATCH-CLA$b00$c20191219$lBLL01$h1734
=CAT  \\$aIPL-CLA$c20191231$lBLL01$h1934
=CAT  \\$aR2001-1524$c20200127$lBLL01$h2012
=CAT  \\$aBATCH-CLA$b00$c20200128$lBLL01$h0448
=CAT  \\$aBATCH-CLA$b00$c20201204$lBLL01$h1535
=CAT  \\$aIPL-CLA$c20201231$lBLL01$h2202
=CAT  \\$aBATCH-CLA$b00$c20221221$lBLL01$h1844
=CAT  \\$aIPL-CLA$c20221231$lBLL01$h2111
=CFI  0\$aCurrent Copyright Fee: GBP25.00$c0$e01-jan-2023$fGBP25.00$g0$hA$5Uk
=CFI  2\$aPrevious Copyright Fee: GBP22.50$c0$e01-jan-2021$fGBP22.50$g0$hA$5Uk
=CNF  \\$aEmile Male 1862-1954 (Conference :$d2002 Jun :$cRome, Italy)
=FIN  \\$aY$d20050727
=FMT  \\$a  BK
=LAS  \\$aIPL-CLA$b00$c20221231$lBLL01$h2111
=SID  \\$aZ39$bOCLC

