=LDR  03376cam a22007815a 4500
=001  013257086
=003  Uk
=005  20221231211127.0
=008  050324s2004\\\\fr\\\\\\\b\\\\101\0\fre\c
=020  \\$a2728307121
=040  \\$aTZT$cTZT$dCGU$dC3L$dMUQ$dOCL
=041  0\$afre$aita$bfre$bita
=042  \\$apcc
=043  \\$ae------$ae-it---$ae-fr---
=045  \\$ao0s9
=050  \4$aHG186.F8$bN683 2004
=072  \7$aD$2lcco
=082  14$a940$21
=245  00$aNotaires et crédit dans l'occident méditerranéen médiéval :$b[colloques organisés ... à Nice et Bordighera en octobre 1996 et à Lyon en décembre 1997] /$csous la direction de François Menant et Odile Redon.
=260  \\$aRome :$bEcole française de Rome,$c2004.
=300  \\$a362 p. ;$c24 cm.
=336  \\$atext$2rdacontent
=337  \\$aunmediated$2rdamedia
=338  \\$avolume$2rdacarrier
=490  1\$aCollection de l'Ecole française de Rome,$x0223-5099 ;$v343
=540  \\$aCurrent Copyright Fee: GBP25.00$c0$5Uk
=650  \0$aNotaries$zFrance$xHistory$vCongresses.
=650  \0$aNotaries$zItaly$xHistory$vCongresses.
=650  \0$aCredit$zFrance$xHistory$vCongresses.
=650  \0$aCredit$zItaly$xHistory$vCongresses.
=650  \6$aNotariat$zFrance$xHistoire$y500-1500 (Moyen Âge)$vCongrès.
=650  \6$aNotariat$zItalie$xHistoire$y500-1500 (Moyen Âge)$vCongrès.
=650  \6$aCrédit$zFrance$xHistoire$y500-1500 (Moyen Âge)$vCongrès.
=650  \6$aCrédit$zItalie$xHistoire$y500-1500 (Moyen Âge)$vCongrès.
=653  \\$aFrance$aItaly$aCatalan country$aMediaeval finance$aHistory
=700  1\$aMenant, François,$d1948-
=700  1\$aRedon, Odile.
=830  \0$aCollection de l'Ecole française de Rome,$x0223-5099 ;$v343
=852  41$aBritish Library$bDSC$j3310.417000$ino. 343
=856  42$uhttp://digital.casalini.it/2728307121
=985  \\$aProvisional Record
=ACF  \\$aPrevious copyright fee: GBP12.00$c0$e01-jan-2012$fGBP12.00$g0$hA$5Uk
=ACF  \\$aPrevious Copyright Fee: GBP12.30$c0$e01-jan-2014$fGBP12.30$g0$hA$5Uk
=ACF  \\$aPrevious Copyright Fee: GBP15.00$c0$e01-jan-2017$fGBP15.00$g0$hA$5Uk
=ACF  \\$aPrevious Copyright Fee: GBP20.00$c0$e01-jan-2020$fGBP20.00$g0$hA$5Uk
=CAT  \\$a8197$b40$c20050720$lBLL01$h1346
=CAT  \\$aBATCH$b00$c20091217$lBLL01$h0356
=CAT  \\$aBATCH-CLA$b00$c20130527$lBLL01$h0134
=CAT  \\$aBATCH-CLA$c20131220$lBLL01$h2034
=CAT  \\$aIPL-CLA$c20131231$lBLL01$h2352
=CAT  \\$aBATCH-CLA$b00$c20161222$lBLL01$h1806
=CAT  \\$aIPL-CLA$c20161230$lBLL01$h2143
=CAT  \\$aBATCH-CLA$b00$c20171222$lBLL01$h2128
=CAT  \\$aIPL-CLA$c20171231$lBLL01$h1645
=CAT  \\$aBATCH-CLA$b00$c20191219$lBLL01$h1734
=CAT  \\$aIPL-CLA$c20191231$lBLL01$h1934
=CAT  \\$aR2001-1524$c20200127$lBLL01$h2012
=CAT  \\$aBATCH-CLA$b00$c20200128$lBLL01$h0448
=CAT  \\$aBATCH-CLA$b00$c20201204$lBLL01$h1535
=CAT  \\$aIPL-CLA$c20201231$lBLL01$h2202
=CAT  \\$aBATCH-CLA$b00$c20221221$lBLL01$h1844
=CAT  \\$aIPL-CLA$c20221231$lBLL01$h2111
=CFI  0\$aCurrent Copyright Fee: GBP25.00$c0$e01-jan-2023$fGBP25.00$g0$hA$5Uk
=CFI  2\$aPrevious Copyright Fee: GBP22.50$c0$e01-jan-2021$fGBP22.50$g0$hA$5Uk
=FIN  \\$aY$d20050720
=FMT  \\$a  BK
=LAS  \\$aIPL-CLA$b00$c20221231$lBLL01$h2111
=SID  \\$aZ39$bOCLC

