=LDR  03590cam a2200841 a 4500
=001  013257106
=003  Uk
=005  20221231211127.0
=008  050324m200420uufr\ab\\\\b\\\\000\0\fre\d
=020  \\$a2728306842 (pbk.)
=040  \\$aTZT$cTZT$dC3L$dCGU$dOCL$dUk
=043  \\$af------
=045  \\$ad4i-
=072  \7$aDT$2lcco
=082  14$a961$21
=245  00$aSidi Jdidi.$nI,$pLa basilique sud /$cAïcha Ben Abed-Ben Khader ... [et al.] ; avec la collaboration de Patrick Reynaud et de Tomoo Mukai ; et les contributions de Claude Brenot, Danièle Foy et Lucy Vallauri.
=260  \\$aRome :$bEcole française de Rome,$c2004-.
=300  \\$axiv, 394 p. :$bill. (some col.), maps ;$c28 cm.
=336  \\$atext$2rdacontent
=337  \\$aunmediated$2rdamedia
=338  \\$avolume$2rdacarrier
=490  1\$aCollection de l'Ecole française de Rome,$x0223-5099 ;$v339
=490  1\$aRecherches d'archéologie africaine
=504  \\$aIncludes bibliographical references.
=505  1\$a1. La basilique sud.
=540  \\$aCurrent Copyright Fee: GBP25.00$c0$5Uk
=650  \0$aExcavations (Archaeology)$zTunisia$zSidi Jdidi.
=650  \0$aChristian antiquities$zTunisia$zSidi Jdidi.
=651  \0$aSidi Jdidi (Tunisia)$xAntiquities.
=653  \\$aChristian archaeology$aTunisia
=700  1\$aBen Khader, Aïcha Ben Abed.
=710  2\$aMaʿhad al-Waṭanī lil-Turāth (Tunisia)
=710  2\$aÉcole française de Rome.
=740  02$aBasilique sud
=830  \0$aCollection de l'Ecole française de Rome,$x0223-5099 ;$v339
=830  \0$aRecherches d'archéologie africaine.
=852  41$aBritish Library$bDSC$j3310.417000$ino. 339
=852  41$aBritish Library$bHMNTS$jYF.2006.b.2522
=856  42$uhttp://digital.casalini.it/2728306842
=ACF  \\$aPrevious copyright fee: GBP12.00$c0$e01-jan-2012$fGBP12.00$g0$hA$5Uk
=ACF  \\$aPrevious Copyright Fee: GBP12.30$c0$e01-jan-2014$fGBP12.30$g0$hA$5Uk
=ACF  \\$aPrevious Copyright Fee: GBP15.00$c0$e01-jan-2017$fGBP15.00$g0$hA$5Uk
=ACF  \\$aPrevious Copyright Fee: GBP20.00$c0$e01-jan-2020$fGBP20.00$g0$hA$5Uk
=CAT  \\$a8197$b40$c20050720$lBLL01$h1354
=CAT  \\$a7483$b40$c20060914$lBLL01$h1433
=CAT  \\$a7483$b40$c20060914$lBLL01$h1438
=CAT  \\$a7483$b40$c20060914$lBLL01$h1448
=CAT  \\$aBATCH-UPD$b40$c20071208$lBLL01$h1910
=CAT  \\$aBATCH-UPD$b40$c20080111$lBLL01$h2029
=CAT  \\$aBATCH-UPD$b40$c20080824$lBLL01$h0258
=CAT  \\$aBATCH$b00$c20091217$lBLL01$h0356
=CAT  \\$aBATCH-UPD$b00$c20100606$lBLL01$h2113
=CAT  \\$aBATCH-CLA$b00$c20130527$lBLL01$h0134
=CAT  \\$aBATCH-CLA$c20131220$lBLL01$h2034
=CAT  \\$aIPL-CLA$c20131231$lBLL01$h2352
=CAT  \\$aBATCH-CLA$b00$c20161222$lBLL01$h1806
=CAT  \\$aIPL-CLA$c20161230$lBLL01$h2143
=CAT  \\$aBATCH-CLA$b00$c20171222$lBLL01$h2128
=CAT  \\$aIPL-CLA$c20171231$lBLL01$h1645
=CAT  \\$aBATCH-CLA$b00$c20191219$lBLL01$h1734
=CAT  \\$aIPL-CLA$c20191231$lBLL01$h1934
=CAT  \\$aR2001-1524$c20200127$lBLL01$h2012
=CAT  \\$aBATCH-CLA$b00$c20200128$lBLL01$h0448
=CAT  \\$aBATCH-CLA$b00$c20201204$lBLL01$h1535
=CAT  \\$aIPL-CLA$c20201231$lBLL01$h2202
=CAT  \\$aBATCH-CLA$b00$c20221221$lBLL01$h1844
=CAT  \\$aIPL-CLA$c20221231$lBLL01$h2111
=CFI  0\$aCurrent Copyright Fee: GBP25.00$c0$e01-jan-2023$fGBP25.00$g0$hA$5Uk
=CFI  2\$aPrevious Copyright Fee: GBP22.50$c0$e01-jan-2021$fGBP22.50$g0$hA$5Uk
=FIN  \\$aY$d20050720
=FMT  \\$a  BK
=LAS  \\$aIPL-CLA$b00$c20221231$lBLL01$h2111
=SID  \\$aZ39$bOCLC

