=LDR  03389cam a2200829 a 4500
=001  013258793
=003  Uk
=005  20221231211132.0
=008  050530s2005\\\\it\\\\\\\b\\\\101\0\ita\c
=020  \\$a2728307326 (pbk.)
=040  \\$aC3L$cC3L$dTZT$dCGU$dUk
=041  0\$aita$aeng$afre$aspa$bfre$bspa
=042  \\$aukblsr
=043  \\$ae-it---$ae------
=045  \\$ao0s9$at0u9
=050  \4$aHG3701$b.C744 2005
=072  \7$aD$2lcco
=082  14$a332$221
=245  00$aCredito e usura fra teologia, diritto e amministrazione :$blinguaggi a confronto, sec. XII-XVI /$ca cura di Diego Quaglioni, Giacomo Todeschini, Gian Maria Varanini.
=260  \\$aRome :$bEcole française de Rome,$cc2005.
=300  \\$a308 p. ;$c24 cm.
=336  \\$atext$2rdacontent
=337  \\$aunmediated$2rdamedia
=338  \\$avolume$2rdacarrier
=490  1\$aCollection de l'Ecole française de Rome,$x0223-5099 ;$v346
=500  \\$aProceedings, Trento, 2001.
=504  \\$aIncludes bibliographical references.
=540  \\$aCurrent Copyright Fee: GBP25.00$c0$5Uk
=546  \\$aTexts in English, French, Italian or Spanish.
=650  \0$aCredit$xHistory$vCongresses.
=650  \0$aUsury$xHistory$vCongresses.
=650  \0$aFinance$zEurope$xHistory$vCongresses.
=653  \\$aEconomic history$aFinance$aJews$aEurope$aMiddle ages
=690  7\$aManagement and Business Studies$2blcoll
=700  1\$aQuaglioni, Diego.
=700  1\$aTodeschini, Giacomo.
=700  1\$aVaranini, Gian Maria.
=710  2\$aÉcole française de Rome.
=830  \0$aCollection de l'École française de Rome ;$v346.
=852  41$aBritish Library$bDSC$j3310.417000$i346
=852  41$aBritish Library$bHMNTS$jAC.5233.a/346
=856  42$uhttp://digital.casalini.it/2728307326
=ACF  \\$aPrevious copyright fee: GBP12.00$c0$e01-jan-2012$fGBP12.00$g0$hA$5Uk
=ACF  \\$aPrevious Copyright Fee: GBP12.30$c0$e01-jan-2014$fGBP12.30$g0$hA$5Uk
=ACF  \\$aPrevious Copyright Fee: GBP15.00$c0$e01-jan-2017$fGBP15.00$g0$hA$5Uk
=ACF  \\$aPrevious Copyright Fee: GBP20.00$c0$e01-jan-2020$fGBP20.00$g0$hA$5Uk
=CAT  \\$a8197$b40$c20050722$lBLL01$h1602
=CAT  \\$a7483$b40$c20060511$lBLL01$h1256
=CAT  \\$aBATCH-UPD$b40$c20071208$lBLL01$h1715
=CAT  \\$aBATCH-UPD$b40$c20090125$lBLL01$h1526
=CAT  \\$aBATCH$b00$c20090624$lBLL01$h1703
=CAT  \\$aBATCH-CLA$b00$c20130527$lBLL01$h0134
=CAT  \\$aBATCH-CLA$c20131220$lBLL01$h2034
=CAT  \\$aIPL-CLA$c20131231$lBLL01$h2352
=CAT  \\$aBATCH-CLA$b00$c20161222$lBLL01$h1806
=CAT  \\$aIPL-CLA$c20161230$lBLL01$h2143
=CAT  \\$aBATCH-CLA$b00$c20171222$lBLL01$h2128
=CAT  \\$aIPL-CLA$c20171231$lBLL01$h1645
=CAT  \\$aBATCH-CLA$b00$c20191219$lBLL01$h1734
=CAT  \\$aIPL-CLA$c20191231$lBLL01$h1934
=CAT  \\$aR2001-1524$c20200127$lBLL01$h2012
=CAT  \\$aBATCH-CLA$b00$c20200128$lBLL01$h0448
=CAT  \\$aBATCH-CLA$b00$c20201204$lBLL01$h1535
=CAT  \\$aIPL-CLA$c20201231$lBLL01$h2202
=CAT  \\$aBATCH-CLA$b00$c20221221$lBLL01$h1844
=CAT  \\$aIPL-CLA$c20221231$lBLL01$h2111
=CFI  0\$aCurrent Copyright Fee: GBP25.00$c0$e01-jan-2023$fGBP25.00$g0$hA$5Uk
=CFI  2\$aPrevious Copyright Fee: GBP22.50$c0$e01-jan-2021$fGBP22.50$g0$hA$5Uk
=FIN  \\$aY$d20060511
=FMT  \\$a  BK
=LAS  \\$aIPL-CLA$b00$c20221231$lBLL01$h2111
=SID  \\$aZ39$bOCLC

