=LDR  01870 am a2200493 a 4500
=001  013419919
=003  Uk
=005  20201124185922.0
=008  060130s2005\\\\it\\\\\\\\\\\\100\0\ita\d
=020  \\$a8884532965 (pbk)
=040  \\$aC3L$beng$cC3L
=041  0\$aita$aeng$aspa
=045  \\$ax4x-
=082  14$a001$221
=245  00$aComputers, literature and philology, CLIP 2003 :$bla gestione unitaria dell'eredità culturale multilingue europea e la sua diffusione in rete : atti del convegno, Firenze, 4-5 dicembre 2003 /$ca cura di Carlota Nicolás Martı́nez, Massimo Moneglia.
=260  \\$aFirenze :$bFirenze University Press,$c2005.
=300  \\$a270 p. ;$c24 cm.
=336  \\$atext$2rdacontent
=337  \\$aunmediated$2rdamedia
=338  \\$avolume$2rdacarrier
=490  1\$a80. anniversario 1924-2004 / Università degli studi di Firenze ;$v2
=504  \\$aIncludes bibliographical references.
=546  \\$aText in Italian, English, Spanish.
=591  \\$aPapers.
=653  1\$aComputers
=653  1\$aLiterature
=653  1\$aPhilology
=653  1\$aCLIP
=700  1\$aMartı́nez, Carlota Nicolás.
=700  1\$aMoneglia, Massimo.
=830  \0$a80. anniversario 1924-2004 / Università degli studi di Firenze ;$v2
=852  41$aBritish Library$bDSC$jX29/.6936
=856  42$uhttp://digital.casalini.it/8884532957
=985  \\$aUpgraded by BSS-generated file for WR2011-1473
=CAT  \\$a4861$b40$c20060307$lBLL01$h1347
=CAT  \\$a6933$b40$c20060522$lBLL01$h1459
=CAT  \\$aBATCH$b00$c20091217$lBLL01$h0415
=CAT  \\$aBATCH$b00$c20100103$lBLL01$h1209
=CAT  \\$aW2011-1473$b00$c20201124$lBLL01$h1859
=CNF  \\$aComputers, literature and philology (Convegno)$d(2003 Dec :$cFlorence, Italy)
=FIN  \\$aY$d20060522
=FMT  \\$a  BK
=LAS  \\$aW2011-1473$b00$c20201124$lBLL01$h1859
=SID  \\$aZ39$bOCLC

