=LDR  01572 am a22004457a 4500
=001  013449796
=003  Uk
=005  20061103093253.0
=008  060130s2005\\\\it\a\\\\\bs\\\000\0\ita\d
=020  \\$a9788889637159 (pbk.)
=020  \\$a8889637153 (pbk.)
=040  \\$aC3L$cC3L$dUk
=043  \\$ae-it---
=045  \\$ax4x-
=082  14$a070$221
=245  00$aRapporto sullo stato dell'editoria in Italia, 2005.
=260  \\$aMilano :$bEdiser,$cc2005.
=300  \\$a228 p. :$bcol. ill. ;$c24 cm.
=336  \\$atext$2rdacontent
=337  \\$aunmediated$2rdamedia
=338  \\$avolume$2rdacarrier
=490  1\$aGiornale della libreria. Quaderni del "Giornale della libreria" ;$v12-13
=500  \\$aElectronic ed. avail. at the URL: http: / / digital.casalini.it/ 8889637161.
=500  \\$aDoi 10.1390/ QG12E.
=504  \\$aIncludes bibliographical references.
=650  \0$aPublishers and publishing$zItaly.
=650  \0$aPublishers and publishing$zItaly$vStatistics.
=830  \0$aGiornale della libreria.$pQuaderni del "Giornale della libreria" ;$v12-13
=852  41$aBritish Library$bHMNTS$jYF.2006.a.33271
=856  42$uhttp://digital.casalini.it/8889637161
=CAT  \\$a6098$b40$c20060418$lBLL01$h0909
=CAT  \\$a6098$b40$c20060418$lBLL01$h0910
=CAT  \\$a6098$b40$c20060418$lBLL01$h0925
=CAT  \\$a7483$b40$c20061103$lBLL01$h0932
=CAT  \\$aBATCH$b00$c20091217$lBLL01$h0418
=CAT  \\$aBATCH$b00$c20100103$lBLL01$h1212
=FIN  \\$aY$d20061103
=FMT  \\$a  BK
=LAS  \\$aBATCH$b00$c20100103$lBLL01$h1212
=SID  \\$aZ39$bOCLC

