=LDR  02325 am a2200505 a 4500
=001  013525889
=003  Uk
=005  20060807142709.0
=008  050926s2004\\\\fr\ab\\\\b\\\\001\0\fre\c
=010  \\$a  2005483507
=020  \\$a2728306923 (pbk.)
=035  \\$a(OCoLC)ocm58771182
=040  \\$aTZT$cTZT$dC3L$dCGU$dOCL$dIXA$dDLC$dUk
=041  0\$afre$aeng$aita$bfre$beng$bita
=043  \\$amm-----
=050  00$aJV7590$b.M629 2004
=245  03$aLa mobilité des personnes en Méditerranée de l'Antiquité à l'époque moderne :$bprocédures de contrôle et documents d'identification /$csous la direction de Claudia Moatti.
=260  \\$aRome :$bEcole française de Rome,$c2004.
=300  \\$a745 p. :$bill., maps ;$c24 cm.
=336  \\$atext$2rdacontent
=337  \\$aunmediated$2rdamedia
=338  \\$avolume$2rdacarrier
=490  1\$aCollection de l'Ecole française de Rome,$x0223-5099 ;$v341
=500  \\$a"Ce volume contient une partie des communications présentées lors de deux tables rondes, qui se sont tenues à Rome ..., Ecole française de Rome, 8-9 mars 2002, et à Paris ..., Ecole normale supérieure, 29-30 novembre 2002."--Prelim. p.
=504  \\$aIncludes bibliographical references.
=546  \\$aFrench, Italian, English or Spanish; abstracts in French, Italian or English.
=650  \0$aEmigration and immigration law$zMediterranean Region$vCongresses.
=650  \0$aPopulation geography$zMediterranean Region$vCongresses.
=650  \0$aTravel restrictions$zMediterranean Region$xHistory$vCongresses.
=650  \0$aAliens$zMediterranean Region$vCongresses.
=651  \0$aMediterranean Region$xEmigration and immigration$xHistory$vCongresses.
=651  \0$aMediterranean Region$xBoundaries$vCongresses.
=700  1\$aMoatti, Claude.
=710  2\$aÉcole française de Rome.
=830  \0$aCollection de l'Ecole française de Rome,$x0223-5099 ;$v341
=852  41$aBritish Library$bHMNTS$jAC.5233.a/341
=856  42$uhttp://digital.casalini.it/2728306923
=CAT  \\$a6470$b40$c20060807$lBLL01$h1427
=CAT  \\$aBATCH-UPD$b40$c20071208$lBLL01$h1910
=CAT  \\$aBATCH$b00$c20091217$lBLL01$h0428
=CAT  \\$aBATCH$b00$c20100103$lBLL01$h1222
=FIN  \\$aY$d20060807
=FMT  \\$a  BK
=LAS  \\$aBATCH$b00$c20100103$lBLL01$h1222
=SRC  \\$aBLL02

