=LDR  02351 am a2200577 a 4500
=001  013533780
=003  Uk
=005  20060818111127.0
=008  060117s2004\\\\fr\ab\\\\b\\\\101\0\fre\c
=010  \\$a  2006352558
=020  \\$a2728307121 (pbk.)
=035  \\$a(OCoLC)ocm58771188
=040  \\$aTZT$cTZT$dCGU$dC3L$dMUQ$dOCL$dDLC$dUk
=041  0\$afre$aita$bfre$bita
=043  \\$ae------$ae-it---$ae-fr---
=045  \\$ao0s9
=050  00$aHG186.F8$bN67 2004
=245  00$aNotaires et crédit dans l'occident méditerranéen médiéval /$csous la direction de François Menant et Odile Redon.
=260  \\$aRome :$bEcole française de Rome,$c2004.
=300  \\$a362 p. ;$c24 cm.
=336  \\$atext$2rdacontent
=337  \\$aunmediated$2rdamedia
=338  \\$avolume$2rdacarrier
=490  1\$aCollection de l'Ecole française de Rome,$x0223-5099 ;$v343
=500  \\$a"Colloques organisés ... à Nice et Bordighera en octobre 1996 et à Lyon en décembre 1997"--p. 1
=504  \\$aIncludes bibliographical references and index.
=650  \0$aNotaries$zFrance$xHistory$vCongresses.
=650  \0$aNotaries$zItaly$xHistory$vCongresses.
=650  \0$aCredit$zFrance$xHistory$vCongresses.
=650  \0$aCredit$zItaly$xHistory$vCongresses.
=650  \6$aNotariat$zFrance$xHistoire$y500-1500 (Moyen Âge)$vCongrès.
=650  \6$aNotariat$zItalie$xHistoire$y500-1500 (Moyen Âge)$vCongrès.
=650  \6$aCrédit$zFrance$xHistoire$y500-1500 (Moyen Âge)$vCongrès.
=650  \6$aCrédit$zItalie$xHistoire$y500-1500 (Moyen Âge)$vCongrès.
=653  \\$aFrance$aItaly$aCatalan country$aMediaeval finance$aHistory
=700  1\$aMenant, François,$d1948-
=700  1\$aRedon, Odile.
=710  2\$aÉcole française de Rome.
=830  \0$aCollection de l'Ecole française de Rome,$x0223-5099 ;$v343
=852  41$aBritish Library$bHMNTS$jAC.5233.a/343
=856  42$uhttp://digital.casalini.it/2728307121
=CAT  \\$a7483$b40$c20060817$lBLL01$h1057
=CAT  \\$a7483$b40$c20060817$lBLL01$h1059
=CAT  \\$a7483$b40$c20060818$lBLL01$h1111
=CAT  \\$aBATCH-UPD$b40$c20071208$lBLL01$h1910
=CAT  \\$aBATCH$b00$c20091217$lBLL01$h0429
=CAT  \\$aBATCH$b00$c20100103$lBLL01$h1223
=FIN  \\$aY$d20060817
=FMT  \\$a  BK
=LAS  \\$aBATCH$b00$c20100103$lBLL01$h1223
=SRC  \\$aBLL02

