=LDR  01366 am a22004097a 4500
=001  013670080
=003  Uk
=005  20090310161021.0
=008  061110s2006\\\\it\a\\\\\bs\\\000\0\ita\d
=020  \\$a888963717X (pbk.)
=020  \\$a9788889637173 (pbk.)
=035  \\$a(OCoLC)75714764
=040  \\$aUk$beng$cUk
=043  \\$ae-it---
=045  \\$ax4x-
=082  14$a070$221
=245  00$aRapporto sullo stato dell'editoria in Italia, 2006.
=260  \\$aMilano :$bEdiser,$c2006.
=300  \\$a135 p. :$bcol. ill. ;$c25 cm.
=336  \\$atext$2rdacontent
=337  \\$aunmediated$2rdamedia
=338  \\$avolume$2rdacarrier
=490  00$aGiornale della libreria.$pQuaderni del "Giornale della libreria" ;$v14-15
=500  \\$aElectronic ed. avail. at the URL: http: / / digital.casalini.it/ 8889637188.
=500  \\$aDoi 10.1390/ QG14E.
=504  \\$aIncludes bibliographical references.
=650  \0$aPublishers and publishing$zItaly.
=650  \0$aPublishers and publishing$zItaly$vStatistics.
=852  41$aBritish Library$bHMNTS$jYF.2007.a.31498
=856  42$uhttp://digital.casalini.it/8889637188
=CAT  \\$a8197$b40$c20070213$lBLL01$h1057
=CAT  \\$a7483$b40$c20071105$lBLL01$h1448
=CAT  \\$a8197$b40$c20090310$lBLL01$h1610
=FIN  \\$aY$d20071105
=FMT  \\$a  BK
=LAS  \\$a8197$b40$c20090310$lBLL01$h1610
=SID  \\$aZ39$bOCLC

