=LDR  01935cam a2200505 i 4500
=001  020002391
=003  Uk
=005  20230728074806.0
=008  201103s2020\\\\sp\\\\\\\b\\\\000\0\spa\d
=020  \\$a9788491593508
=020  \\$a8491593500
=035  \\$a(OCoLC)1222202787
=040  \\$aC3L$beng$cC3L$dTEF$dOCLCO$dOCLCF$dGUA$dOCLCO$dC3L$dCLU$dOCLCQ$dOCLCO$dJHE$dWAU$erda
=041  \\$aspa$bspa$beng
=042  \\$aukblcatcopy
=043  \\$ae-sp---
=050  \4$aPQ6085$b.L42 2020
=082  14$a861$214
=100  1\$aLe Bigot, Claude,$eauthor.
=245  13$aUn siglo de compromiso en la poesía hispánica (1898-2010) /$cClaude Le Bigot.
=250  \\$aPrimera edición.
=264  \1$aJaén :$bUJA Editorial (Universidad de Jaén),$c2020.
=300  \\$a553 pages ;$c23 cm.
=336  \\$atext$btxt$2rdacontent
=337  \\$aunmediated$bn$2rdamedia
=338  \\$avolume$bnc$2rdacarrier
=490  1\$aEstudios literarios. "El niño de la noche," Miguel Hernández y su tiempo ;$v4
=504  \\$aIncludes bibliographical references.
=546  \\$aText in Spanish; includes summary in Spanish and English.
=648  \7$a1900-1999$2fast
=650  \0$aSpanish poetry$y20th century$xHistory and criticism.
=650  \6$aPoésie espagnole$y20e siècle$xHistoire et critique.
=650  \7$aSpanish poetry.$2fast$0(OCoLC)fst01128654
=655  \7$aLiterary criticism.$2lcgft
=655  \7$aCriticism, interpretation, etc.$2fast$0(OCoLC)fst01411635
=830  \0$aEstudios literarios.$p"Niño de la noche", Miguel Hernández y su tiempo ;$v4.
=852  41$aBritish Library$bHMNTS$jYF.2023.a.17973
=856  41$uhttp://digital.casalini.it/9788491593614
=CAT  \\$a15184$b40$c20201104$lBLL01$h1052
=CAT  \\$aBATCH-UPD$b40$c20201104$lBLL01$h1052
=CAT  \\$a15066$b40$c20230728$lBLL01$h0748
=FIN  \\$aY$d20230728
=FMT  \\$a  BK
=LAS  \\$a15066$b40$c20230728$lBLL01$h0748
=SID  \\$aZ39$bOCLC

