=LDR  02138cam a2200517 i 4500
=001  020002462
=003  Uk
=005  20230912110047.0
=008  201023s2020\\\\sp\\\\\\\b\\\\000\0\spa\\
=010  \\$a  2020400326
=020  \\$a9788417633837
=020  \\$a8417633839
=035  \\$a(OCoLC)1235967113$z(OCoLC)1235575488
=040  \\$aDLC$beng$cDLC$dC3L$dHUL$dOCLCF$dOCLCO$dOCLCA$dOCL$erda
=042  \\$aukblcatcopy
=050  00$aPQ6623.A88$bC37 2020
=082  14$a863$214
=100  1\$aMatheu, José María,$d1847-1929,$eauthor.
=245  13$aLa casa y la calle :$bcrónica contemporánea /$cJosé M. Matheu ; edición, introducción y notas de Pepi Jurado Zafra.
=250  \\$a1a edición.
=264  \1$aZaragoza, España :$bPrensas de la Universidad de Zaragoza ;$aHuesca, España :$bInstituto de Estudios Altoaragoneses ;$aTeruel, España :$bInstituto de Estudios Turolenses ;$aZaragoza, España :$bGobierno de Aragón,$c2020.
=300  \\$alxi, 228 pages ;$c21 cm.
=336  \\$atext$btxt$2rdacontent
=337  \\$aunmediated$bn$2rdamedia
=338  \\$avolume$bnc$2rdacarrier
=490  1\$aLarumbe. Textos aragoneses ;$v102
=500  \\$aSix short stories.
=504  \\$aIncludes bibliographical references (pages 223-228).
=600  10$aMatheu, José María,$d1847-1929$xCriticism and interpretation.
=655  \7$aCriticism, interpretation, etc$2fast$0(OCoLC)fst01411635
=655  \7$ashort stories.$2aat
=655  \7$aShort stories.$2fast$0(OCoLC)fst01726740
=655  \7$aShort stories.$2lcgft
=655  \7$aNouvelles.$2rvmgf
=700  1\$aJurado Zafra, Pepi,$d1972-$eeditor.
=830  \0$aLarumbe ;$v102.
=852  41$aBritish Library$bHMNTS$jYF.2023.a.21910
=856  41$uhttp://digital.casalini.it/9788417633844
=883  0\$aLanguage codes assigned by Bayesian analysis of words present in record$d20201028$qUk$c0.9010
=CAT  \\$a15184$b40$c20201104$lBLL01$h1147
=CAT  \\$aW2201-1476$b00$c20220225$lBLL01$h1853
=CAT  \\$a15066$b40$c20230912$lBLL01$h1100
=FIN  \\$aY$d20230912
=FMT  \\$a  BK
=LAS  \\$a15066$b40$c20230912$lBLL01$h1100
=SID  \\$aZ39$bOCLC

