=LDR  01990cam a2200517 i 4500
=001  020009270
=003  Uk
=005  20230724084147.0
=008  201103s2020\\\\sp\\\\\\\b\\\\001\0\spa\\
=010  \\$a  2020502505
=020  \\$a9788491921622
=020  \\$a8491921621
=020  \\$a9783968690636$q(Vervuert)
=020  \\$a396869063X$q(Vervuert)
=020  \\$z9783968690643$qebook
=035  \\$a(OCoLC)1224899522$z(OCoLC)1200196175
=040  \\$aDLC$beng$cDLC$dIND$dC3L$dOHX$dERASA$dOCLCF$dGUA$dEMU$dFDA$dYDX$dUPM$dNOC$dCUV$dVA@$dOCLCO$erda
=041  1\$aspa$hita
=042  \\$aukblcatcopy
=050  \4$aPQ
=050  00$aPQ6428$b.G28 2020
=082  14$a862$214
=100  1\$aGargano, Antonio,$d1953-
=245  13$aLa ley universal de la vida :$bdesorden y modernidad en "La Celestina" de Fernando de Rojas /$cAntonio Gargano.
=264  \1$aMadrid :$bIberoamericana ;$aFrankfurt am Main :$bVervuert,$c2020.
=300  \\$a288 pages ;$c24 cm.
=336  \\$atext$btxt$2rdacontent
=337  \\$aunmediated$bn$2rdamedia
=338  \\$avolume$bnc$2rdacarrier
=490  1\$aBiblioteca áurea hispánica,$x2173-6677 ;$v136
=504  \\$aIncludes bibliographical references (pages 257-282) and index.
=546  \\$aText in Spanish, partly in Spanish translation from original Italian.
=600  10$aRojas, Fernando de,$d-1541.$tCelestina.
=630  07$aCelestina (Rojas, Fernando de)$2fast$0(OCoLC)fst01356986
=650  \7$aValues in literature.$2fast$0(OCoLC)fst01163933
=655  \7$aCriticism, interpretation, etc.$2fast$0(OCoLC)fst01411635
=830  \0$aBiblioteca Aurea hispánica ;$vv. 136.
=852  41$aBritish Library$bHMNTS$jYF.2023.a.17443
=856  41$uhttp://digital.casalini.it/9783968690643
=CAT  \\$a8197$b40$c20201112$lBLL01$h1444
=CAT  \\$a15066$b40$c20230724$lBLL01$h0841
=CAT  \\$aW2308-1659$c20230923$lBLL01$h0931
=FIN  \\$aY$d20230724
=FMT  \\$a  BK
=LAS  \\$aW2308-1659$b00$c20230923$lBLL01$h0931
=SID  \\$aZ39$bOCLC

