=LDR  02271cam a2200553 i 4500
=001  020021268
=003  Uk
=005  20230907143517.0
=008  201103s2020\\\\sp\ad\\\\b\\\\000\0\spa\d
=020  \\$a9788400106591
=020  \\$a8400106598
=035  \\$a(OCoLC)1204270941
=040  \\$aC3L$beng$cC3L$dTJC$dOCLCO$dOCLCF$dC3L$dEMU$dOCLCQ$dOCLCO$erda
=042  \\$aukblcatcopy
=043  \\$ae-sp---
=050  \4$aZ
=050  \4$aZ412$b.F476 2020
=082  14$a070$214
=100  1\$aFernández Moya, María,$eauthor.
=245  10$aMultinacionales del castellano :$bel sector editorial español y su proceso de internacionalización (1900-2018) /$cMaría Fernández Moya.
=264  \1$aMadrid :$bConsejo Superior de Investigaciones Científicas,$c2020.
=300  \\$a291 pages :$billustrations, charts ;$c24 cm
=336  \\$atext$btxt$2rdacontent
=337  \\$aunmediated$bn$2rdamedia
=338  \\$avolume$bnc$2rdacarrier
=490  1\$aBiblioteca de historia ;$v95
=504  \\$aIncludes bibliographical references (pages 271-291).
=648  \7$a1900-2099$2fast
=650  \0$aPublishers and publishing$zSpain$xHistory$y20th century.
=650  \0$aPublishers and publishing$zSpain$xHistory$y21st century.
=650  \0$aInternational business enterprises$zSpain$xHistory$y20th century.
=650  \0$aInternational business enterprises$zSpain$xHistory$y21st century.
=650  \6$aEntreprises multinationales$zEspagne$xHistoire$y20e siècle.
=650  \6$aEntreprises multinationales$zEspagne$xHistoire$y21e siècle.
=650  \7$aInternational business enterprises.$2fast$0(OCoLC)fst00976774
=650  \7$aPublishers and publishing.$2fast$0(OCoLC)fst01083463
=651  \7$aSpain.$2fast$0(OCoLC)fst01204303
=655  \7$aHistory.$2fast$0(OCoLC)fst01411628
=830  \0$aBiblioteca de historia (Madrid, Spain) ;$v95.
=852  41$aBritish Library$bHMNTS$jYF.2023.a.21588
=856  41$uhttp://digital.casalini.it/9788400106607
=CAT  \\$a15184$b40$c20201125$lBLL01$h1013
=CAT  \\$aBATCH-ROF$b00$c20201128$lBLL01$h1756
=CAT  \\$a8197$b40$c20201210$lBLL01$h1326
=CAT  \\$a15066$b40$c20230907$lBLL01$h1435
=FIN  \\$aY$d20230907
=FMT  \\$a  BK
=LAS  \\$a15066$b40$c20230907$lBLL01$h1435
=SID  \\$aZ39$bOCLC

