=LDR  01845cam a2200481 i 4500
=001  020028825
=003  Uk
=005  20231002083210.0
=008  201103s2020\\\\sp\\\\\\\b\\\\000\0\spa\c
=010  \\$a  2020496950
=020  \\$a9788498956504
=020  \\$a8498956501
=035  \\$a(OCoLC)1222202568$z(OCoLC)1222202643
=040  \\$aC3L$beng$cC3L$dTJC$dOCLCO$dOCLCF$dOBE$dBDF$dPIT$dHUL$dDLC$erda
=042  \\$aukblcatcopy
=050  \4$aPQ
=050  \4$aPQ7797.C7145$bZ59825 2020
=082  14$a863$214
=100  1\$aCannavacciuolo, Margherita,$d1981-$eauthor.
=245  13$aEl cuerpo cómplice :$blos cuentos de Julio Cortázar /$cMargherita Cannavacciuolo ; prólogo de Rafael Olea Franco.
=246  30$aCuentos de Julio Cortázar
=264  \1$aMadrid :$bVisor Libros,$c[2020]
=300  \\$a256 pages ;$c21 cm.
=336  \\$atext$btxt$2rdacontent
=337  \\$aunmediated$bn$2rdamedia
=338  \\$avolume$bnc$2rdacarrier
=490  1\$aBiblioteca filológica hispana ;$v238
=504  \\$aIncludes bibliographical references (pages 237-256).
=600  10$aCortázar, Julio$xCriticism and interpretation.
=600  17$aCortázar, Julio$2fast$0(OCoLC)fst00033471
=600  17$0(FrPBN)11897752$aCortázar, Julio,$d1914-1984$0(FrPBN)11975676$xThèmes, motifs.$2ram
=655  \7$aCriticism, interpretation, etc.$2fast$0(OCoLC)fst01411635
=700  1\$aOlea Franco, Rafael,$ewriter of preface.
=830  \0$aBiblioteca filológica hispana ;$v238.
=852  41$aBritish Library$bHMNTS$jYF.2023.a.23651
=856  41$uhttp://digital.casalini.it/9788498956504
=CAT  \\$a15184$b40$c20201202$lBLL01$h1016
=CAT  \\$aBATCH-ROF$b00$c20201205$lBLL01$h1810
=CAT  \\$a15066$b40$c20231002$lBLL01$h0832
=FIN  \\$aY$d20231002
=FMT  \\$a  BK
=LAS  \\$a15066$b40$c20231002$lBLL01$h0832
=SID  \\$aZ39$bOCLC

