=LDR  02492cam a2200613 a 4500
=001  020029410
=003  Uk
=005  20230227132556.0
=008  200922s2020\\\\it\a\\\\\cb\\\000\0\ita\d
=010  \\$a2020520811  
=020  \\$a9788849239669
=020  \\$a8849239661
=020  \\$a8849289669
=020  \\$a9788849289664
=035  \\$a(OCoLC)1201191321
=040  \\$aC3L$beng$cDLC$dC3L$dZCU$dOCLCF$dHTV$dOCLCO$dPAU
=042  \\$aukblderived
=043  \\$ae-it---
=050  00$aND620$b.L83 2020
=082  14$a759$214
=245  03$aLa luce del Barocco :$bdipinti da collezioni romane /$ccatalogo a cura di Francesco Petrucci.
=260  \\$aRoma :$bGangemi editore,$c2020.
=300  \\$a139 pages :$billustrations (chiefly color) ;$c22 x 22 cm.
=336  \\$atext$2rdacontent
=336  \\$astill image$2rdacontent
=337  \\$aunmediated$2rdamedia
=338  \\$avolume$2rdacarrier
=500  \\$aCatalog of an exhibition held at Palazzo Chigi, Ariccia, Italy, October 2, 2020-January 10, 2021.
=504  \\$aIncludes bibliographical references (pages 136-139).
=648  \7$a1600-1699$2fast
=650  \0$aPainting, Italian$zItaly$zRome$y17th century$vExhibitions.
=650  \0$aPainting, Baroque$zItaly$zRome$vExhibitions.
=650  \0$aPainting$xPrivate collections$zItaly$zRome$vExhibitions.
=650  \0$aLight in art$vExhibitions.
=650  \6$aPeinture italienne$zItalie$zRome$y17e siècle$vExpositions.
=650  \6$aPeinture baroque$zItalie$zRome$vExpositions.
=650  \6$aPeinture$xCollections privées$zItalie$zRome$vExpositions.
=650  \6$aLumière dans l'art$vExpositions.
=650  \7$aLight in art.$2fast$0(OCoLC)fst00998552
=650  \7$aPainting, Baroque.$2fast$0(OCoLC)fst01050685
=650  \7$aPainting, Italian.$2fast$0(OCoLC)fst01050910
=650  \7$aPainting$xPrivate collections.$2fast$0(OCoLC)fst01050606
=651  \7$aItaly$zRome.$2fast$0(OCoLC)fst01204500
=655  \7$aExhibition catalogs.$2fast$0(OCoLC)fst01424028
=655  \7$aExhibition catalogs.$2lcgft$0http://id.loc.gov/authorities/genreForms/gf2014026098
=700  1\$aPetrucci, Francesco,$eeditor.
=710  2\$aPalazzo Chigi (Ariccia, Italy),$ehost institution.
=852  41$aBritish Library$bHMNTS$jYF.2023.a.15305
=856  41$uhttp://digital.casalini.it/9788849289664
=CAT  \\$aBATCH-WEL$b00$c20230227$lBLL01$h1325
=FIN  \\$aY$d20230227
=FMT  \\$a  BK
=LAS  \\$aBATCH-WEL$b00$c20230227$lBLL01$h1325
=SRC  \\$aOCLC$bOCLChits2301.lex

