=LDR  01286cam a22003737i 4500
=001  020115396
=003  Uk
=005  20210420081111.0
=008  201009s2020\\\\sp\\\\\\\d\\\\000\0\spa\d
=020  \\$a9788400106560$qpaperback
=020  \\$a8400106563$qpaperback
=020  \\$a9788400106584$qpdf
=020  \\$a840010658X
=035  \\$a(OCoLC)1201190501$z(OCoLC)1201191540
=040  \\$aC3L$beng$cC3L
=043  \\$ae-gr---$ae-po---$ae-sp---
=050  \4$aP
=082  14$a463$214
=245  00$aDiccionario griego-español :$banejo VII : suplemento al diccionario micénico (DMic. Supl.) /$c[de] Francisco Aura Jorro ... [et al.].
=260  \\$aMadrid :$bConsejo Superior de Investigaciones Científicas,$c2020.
=300  \\$a422 p. ;$c28 cm.
=490  0\$aDiccionario griego-español. Anejo ;$v7
=500  \\$aDictionary.
=500  \\$aText in Spanish and Ancient Greek.
=700  1\$aAura Jorro, Francisco.
=852  41$aBritish Library$bHMNTS$jYF.2021.a.608
=856  41$uhttp://digital.casalini.it/9788400106584
=CAT  \\$a8197$b40$c20210224$lBLL01$h0841
=CAT  \\$a11405$b40$c20210420$lBLL01$h0811
=CAT  \\$aW2308-1659$c20230923$lBLL01$h0932
=FIN  \\$aY$d20210420
=FMT  \\$a  BK
=LAS  \\$aW2308-1659$b00$c20230923$lBLL01$h0932
=SID  \\$aZ39$bOCLC

