=LDR  01004cam a22003137i 4500
=001  020143183
=003  Uk
=005  20210325085617.0
=008  201126s2020\\\\it\\\\\\\\\\\\001\0\ita\d
=020  \\$a9788882129873$qpdf
=020  \\$a888212987X
=035  \\$a(OCoLC)1224577098
=040  \\$aC3L$beng$cC3L$dOCLCO$dC3L
=050  \4$aPQ
=082  14$a850$214
=100  1\$aVerga, Giovanni,$d1840-1922.
=245  14$aUna peccatrice :$bedizione critica /$cGiovanni Verga ; a cura di Daria Motta.
=260  \\$aNovara :$bInterlinea,$c2020.
=300  \\$axliv, 147 p.
=490  0\$aEdizione nazionale delle opere di Giovanni Verga ;$v9
=700  1\$aMotta, Daria,$eeditor.
=852  41$aBritish Library$bHMNTS$jZA.9.a.7005
=856  41$uhttp://digital.casalini.it/9788882129873
=CAT  \\$a8197$b40$c20210325$lBLL01$h0855
=CAT  \\$a8197$b40$c20210325$lBLL01$h0856
=CAT  \\$aW2308-1659$c20230923$lBLL01$h0932
=FMT  \\$a  BK
=LAS  \\$aW2308-1659$b00$c20230923$lBLL01$h0932
=SID  \\$aZ39$bOCLC

