=LDR  01058cam a22003257i 4500
=001  020179343
=003  Uk
=005  20210504141421.0
=008  201126s2020\\\\it\\\\\\\\\\\\001\0\ita\d
=020  \\$a9788882129897$qpdf
=020  \\$a8882129896
=035  \\$a(OCoLC)1224576098
=040  \\$aC3L$beng$cC3L$dOCLCO
=050  \4$aPQ
=082  14$a850$214
=100  1\$aVerga, Giovanni,$d1840-1922.
=245  10$aPrimavera :$bedizione critica /$cGiovanni Verga ; a cura di Giorgio Forni e Carla Riccardi.
=260  \\$aNovara :$bInterlinea,$c2020.
=300  \\$alxvii, 189 p.
=490  0\$aEdizione nazionale delle opere di Giovanni Verga ;$v8
=700  1\$aForni, Giorgio,$eeditor.
=700  1\$aRiccardi, Carla,$eeditor.
=852  41$aBritish Library$bHMNTS$jZA.9.a.7005
=856  41$uhttp://digital.casalini.it/9788882129897
=CAT  \\$a8197$b40$c20210504$lBLL01$h1413
=CAT  \\$a8197$b40$c20210504$lBLL01$h1414
=CAT  \\$aW2308-1659$c20230923$lBLL01$h0933
=FMT  \\$a  BK
=LAS  \\$aW2308-1659$b00$c20230923$lBLL01$h0933
=SID  \\$aZ39$bOCLC

