=LDR  01747cam a22005177i 4500
=001  020191024
=003  Uk
=005  20210514081350.0
=008  210306s2021\\\\sp\\\\\\\b\\\\000\0\spa\d
=020  \\$a9783968691039$qVervuert$qhardbound
=020  \\$a3968691032
=020  \\$a9788491921868$qIberoamericana$qhardbound
=020  \\$a8491921869
=020  \\$z9783968691046 (e-book)
=024  3\$a9788491921868
=024  3\$a9783968691039
=035  \\$a(OCoLC)1240702884
=040  \\$aOHX$beng$cOHX$dC3L$dQGJ$dLGG$dUk$dOCLCF$erda
=042  \\$aukblderived
=050  \4$aD56.52.H45$bM37 2021
=050  \4$aPQ
=072  \7$aPQ$2lcco
=072  \7$aDF$2lcco
=082  14$a860$214
=100  1\$aMarino, Guiseppe,$eauthor.
=245  10$aHeródoto en el siglo de oro :$bfragmentos históricos y literarios /$cGuiseppe Marino.
=264  \1$aMadrid :$bIberoamericana ;$aFrankfurt am Main :$bVervuert,$c2021.
=300  \\$a278 pages ;$c24 cm.
=336  \\$atext$btxt$2rdacontent
=337  \\$aunmediated$bn$2rdamedia
=338  \\$avolume$bnc$2rdacarrier
=490  1\$aBiblioteca aurea Hispanica ;$v138
=504  \\$aIncludes bibliographical references (pages 265-278).
=530  \\$aAlso published electronically.
=600  00$aHerodotus.$tHistory.
=630  07$aHistory (Herodotus)$2fast$0(OCoLC)fst01356346
=776  08$ie-book version$z9783968691046
=830  \0$aBiblioteca Aurea hispánica ;$v138.
=852  41$aBritish Library$bHMNTS$jYF.2021.a.2278
=856  41$uhttp://digital.casalini.it/9783968691046
=CAT  \\$a11131$b40$c20210514$lBLL01$h0813
=CAT  \\$aW2308-1659$c20230923$lBLL01$h0933
=FIN  \\$aY$d20210514
=FMT  \\$a  BK
=LAS  \\$aW2308-1659$b00$c20230923$lBLL01$h0933
=SID  \\$aZ39$bOCLC

