=LDR  01910cam a2200469 i 4500
=001  018549677
=003  Uk
=005  20180209085546.0
=008  170718s2017\\\\it\a\\\\\bc\\|0|0\0|ita\d
=020  \\$a9788859617549$qpaperback
=020  \\$a8859617545$qpaperback
=035  \\$a(OCoLC)994784258
=040  \\$aC3L$beng$cC3L$dOCLCO$dUk$erda
=042  \\$aukblsr
=050  \4$aN
=082  14$a709$214
=245  03$aIl restauro del Dio fluviale di Michelangelo Buonarroti dono di Bartolomeo Ammannati all'Accademia del Disegno /$ccatalogo a cura di Cristina Acidini, Giorgio Bonsanti, Enrico Sartoni.
=264  \1$aFirenze [Italia] :$bEdizioni Polistampa,$c2017.
=300  \\$a33 pages :$billustrations (black and white) ;$c23 x 24 cm.
=336  \\$atext$2rdacontent
=337  \\$aunmediated$2rdamedia
=338  \\$avolume$2rdacarrier
=490  0\$aCataloghi / Accademia delle arti del disegno ;$v94
=500  \\$aCatalog of an exhibition held at the Accademia delle arti del disegno, Florence, Italy.
=500  \\$aNumber of series appears on cover.
=504  \\$aIncludes bibliographical references.
=600  00$aMichelangelo Buonarroti,$d1475-1564.$tDio fluviale.
=650  \0$aSculpture, Italian$y16th century$xConservation and restoration.
=700  1\$aAcidini Luchinat, Cristina,$d1951-$eeditor.
=700  1\$aBonsanti, Giorgio,$eeditor.
=700  1\$aSartoni, E.$q(Enrico),$eeditor.
=710  2\$aAccademia delle arti del disegno (Florence, Italy),$ehost institution.
=852  41$aBritish Library$bHMNTS$jZF.9.d.63 (94)
=856  42$uhttp://digital.casalini.it/9788859617549
=CAT  \\$a8197$b40$c20171010$lBLL01$h1405
=CAT  \\$a7483$b40$c20180208$lBLL01$h1154
=CAT  \\$a7483$b40$c20180209$lBLL01$h0855
=CAT  \\$aW2308-1659$c20230923$lBLL01$h0935
=FIN  \\$aY$d20180208
=FMT  \\$a  BK
=LAS  \\$aW2308-1659$b00$c20230923$lBLL01$h0935
=SID  \\$aZ39$bOCLC

