=LDR  01963cam a2200517 i 4500
=001  018586429
=003  Uk
=005  20171211110915.0
=008  160429s2016\\\\it\a\\\\\b\\\\001\0dita\d
=010  \\$a  2016471592
=020  \\$a9788880576457
=020  \\$a8880576453
=035  \\$a(OCoLC)973282188$z(OCoLC)948984170
=040  \\$aC3L$beng$cDLC$dC3L$dNARDE$dDEBBG$dOCLCF$dOCLCO$dOCLCQ$dUk$erda
=042  \\$aukblderived
=043  \\$ae-it---
=050  00$aDS135.I85$bV4235 2016
=082  14$a304$214
=100  1\$aGesuà sive Salvadori, Edoardo,$d1951-$eauthor.
=245  12$aL'albero del ghetto :$brepertorio ragionato dello stato civile nella Comunità ebraica veneziana dall'Unità d'Italia alla Grande Guerra /$cEdoardo Gesuà sive Salvadori.
=264  \1$aFirenze :$bGiuntina,$c[2016]
=300  \\$a560 pages :$billustrations (chiefly color) ;$c25 cm
=336  \\$atext$btxt$2rdacontent
=337  \\$aunmediated$bn$2rdamedia
=338  \\$avolume$bnc$2rdacarrier
=504  \\$aIncludes bibliographical references (pages 537-538) and index.
=648  \7$a1800-1999$2fast
=650  \0$aJews$zItaly$zVenice$xHistory$y19th century.
=650  \0$aJews$zItaly$zVenice$xHistory$y20th century.
=650  \0$aRegisters of births, etc.$zItaly$zVenice.
=650  \7$aJews.$2fast$0(OCoLC)fst00983135
=650  \7$aRegisters of births, etc.$2fast$0(OCoLC)fst01093240
=650  \7$aPersonenstandsbuch.$2gnd
=650  \7$aJuden.$2gnd
=651  \7$aItaly,$zVenice.$2fast$0(OCoLC)fst01204473
=651  \7$aVenedig.$2gnd
=655  \7$aHistory.$2fast$0(OCoLC)fst01411628
=852  41$aBritish Library$bHMNTS$jYF.2017.a.26388
=856  42$uhttp://digital.casalini.it/9788880576457
=CAT  \\$a11131$b40$c20171106$lBLL01$h1140
=CAT  \\$a11131$b40$c20171211$lBLL01$h1109
=CAT  \\$aW2308-1659$c20230923$lBLL01$h0936
=FIN  \\$aY$d20171211
=FMT  \\$a  BK
=LAS  \\$aW2308-1659$b00$c20230923$lBLL01$h0936
=SID  \\$aZ39$bOCLC

