=LDR  01572 am a2200433 i 4500
=001  018645000
=003  Uk
=005  20180709155139.0
=008  170112s2016\\\\it\\\\\\\b\\\\001\0\ita\d
=020  \\$a9788867052776
=020  \\$a8867052772
=035  \\$a(OCoLC)968762416
=040  \\$aC3L$beng$cC3L$dCGU$dHLS$dOCLCF$dWAU$erda
=042  \\$aukblderived
=050  \4$aPQ4139$b.C655 2016
=082  14$a852$214
=245  00$aComico e tragico nel teatro umanistico /$ca cura di Stefano Pittaluga e Paolo Viti.
=264  \1$aMilano :$bUniversità di Genova, Scuola di scienze umanistiche,$c2016.
=300  \\$a317 pages ;$c22 cm.
=336  \\$atext$2rdacontent
=337  \\$aunmediated$2rdamedia
=338  \\$avolume$2rdacarrier
=490  1\$aPubblicazioni del D.AR.FI.CL.ET., "Francesco Della Corte" ;$vterza serie, n. 244
=504  \\$aIncludes index.
=648  \7$aTo 1700$2fast
=650  \0$aItalian drama$yTo 1700$xHistory and criticism.
=650  \7$aItalian drama.$2fast$0(OCoLC)fst00980456
=655  \7$aCriticism, interpretation, etc.$2fast$0(OCoLC)fst01411635
=700  1\$aViti, Paolo,$eeditor.
=700  1\$aPittaluga, Stefano,$eeditor.
=830  \0$aPubblicazioni del D.AR.FI.CL.ET.$v3. serie, n. 244.
=852  41$aBritish Library$bHMNTS$jYF.2018.a.20062
=856  42$uhttp://digital.casalini.it/9788867052776
=CAT  \\$aBATCH-WEL$b00$c20180709$lBLL01$h1551
=CAT  \\$aBATCH-UPD$b00$c20180709$lBLL01$h1551
=FIN  \\$aY$d20180709
=FMT  \\$a  BK
=LAS  \\$aBATCH-UPD$b00$c20180709$lBLL01$h1551
=SRC  \\$aOCLC$bOCLChits0418.lex

