=LDR  03175cam a2200625 i 4500
=001  019714359
=003  Uk
=005  20220530163147.0
=008  200204s2019\\\\sp\\\\\\\b\\\\000\0\spa\\
=010  \\$a2020397797  
=020  \\$a9788498955347$qpaperback
=020  \\$a8498955343$qpaperback
=035  \\$a(OCoLC)1141042327
=040  \\$aDLC$beng$cDLC$dFXG$dOCLCF$dOSU$dEMU$dFDA$dCHVBK$dC3L$dOCLCO$dCLU$dBDF$dJHE$erda
=042  \\$aukblderived
=050  \4$aPQ6147.S5$bP85 2019
=050  00$aPQ6144$b.P74 2019
=082  14$a863$214
=100  1\$aPujante Segura, Carmen Ma.,$eauthor.
=245  13$aLa novela corta contemporánea :$b(desde mediados del siglo XX hasta hoy a través de Ayala, Vila-Matas y Barba) /$cCarmen Ma. Pujante Segura.
=264  \1$aMadrid :$bVisor Libros,$c[2019]
=300  \\$a303 pages ;$c21 cm.
=336  \\$atext$2rdacontent
=337  \\$aunmediated$2rdamedia
=338  \\$avolume$2rdacarrier
=490  1\$aBiblioteca filológica hispana ;$v234
=504  \\$aIncludes bibliographical references (pages 275-303).
=505  0\$aLa novela corta contemporánea : estado de la cuestión -- La novela corta en las historias de la literatura española contemporánea -- De etiqueta: propuestas terminológicas para la novela corta contemporánea -- Salidas para la novela corta : de las colecciones a las nuevas apuestas editoriales -- Características de la novela corta contemporánea -- Novelas cortas contemporáneas -- A modo de conclusión.
=600  10$aAyala, Francisco,$d1906-2009$xCriticism and interpretation.
=600  10$aVila-Matas, Enrique,$d1948-$xCriticism and interpretation.
=600  10$aBarba, Andrés,$d1975-$xCriticism and interpretation.
=600  17$aAyala, Francisco,$d1906-2009$2fast$0(OCoLC)fst01727107
=600  17$aVila-Matas, Enrique,$d1948-$2fast$0(OCoLC)fst01476955
=600  17$aAyala, Francisco,$d1906-2009$0(FrPBN)11885670$0(FrPBN)12042895$xCritique et interprétation.$2ram
=600  17$aVila-Matas, Enrique,$d1948-$0(FrPBN)12032287$0(FrPBN)12042895$xCritique et interprétation.$2ram
=600  17$aBarba, Andrés,$d1975-$0(FrPBN)15093752$0(FrPBN)12042895$xCritique et interprétation.$2ram
=648  \7$a1900-2099$2fast
=650  \0$aSpanish fiction$y20th century$xHistory and criticism.
=650  \0$aSpanish fiction$y21st century$xHistory and criticism.
=650  \7$aNovelas españolas.$2abne
=650  \7$aSpanish fiction.$2fast$0(OCoLC)fst01128273
=650  \7$aNovelle$2gnd
=650  \7$aSpanisch$2gnd
=650  \7$0(FrPBN)12020709$aNouvelles espagnoles$0(FrPBN)11975995$y20e siècle.$2ram
=650  \7$0(FrPBN)12020709$aNouvelles espagnoles$0(FrPBN)13536525$y2000-....$2ram
=655  \7$aCriticism, interpretation, etc.$2fast$0(OCoLC)fst01411635
=830  \0$aBiblioteca filológica hispana ;$v234.
=852  41$aBritish Library$bHMNTS$jYF.2022.a.19424
=856  41$uhttp://digital.casalini.it/9788498955347
=CAT  \\$aBATCH-WEL$b00$c20220530$lBLL01$h1630
=CAT  \\$aBATCH-UPD$b00$c20220530$lBLL01$h1641
=FIN  \\$aY$d20220530
=FMT  \\$a  BK
=LAS  \\$aBATCH-UPD$b00$c20220530$lBLL01$h1641
=SRC  \\$aOCLC$bOCLChits2205.lex

