=LDR  02479cam a2200553 i 4500
=001  019939924
=003  Uk
=005  20220530163154.0
=008  200722s2020\\\\sp\\\\\\\b\\\\000\0\spa\\
=010  \\$a2020423313  
=020  \\$a9788413247953$q(paperback)
=020  \\$a8413247950
=020  \\$a9788413248301$qpdf
=020  \\$a8413248302
=035  \\$a(OCoLC)1200038917$z(OCoLC)1201191282
=040  \\$aDLC$beng$cDLC$dC3L$dOCLCO$dOCLCF$dBDF$dHVL$dOCLCO$erda
=042  \\$aukblderived
=043  \\$ae-sp---
=050  00$aKKT3119.R42$bR63 2020
=082  14$a342$214
=100  1\$aRodríguez Ayuso, Juan Francisco,$eauthor.
=245  10$aPrivacidad y coronavirus :$baspectos esenciales /$cJuan Francisco Rodríguez Ayuso.
=264  \1$aMadrid :$bEditorial Dykinson,$c[2020]
=300  \\$a213 pages ;$c24 cm
=336  \\$atext$2rdacontent
=337  \\$aunmediated$2rdamedia
=338  \\$avolume$2rdacarrier
=504  \\$aIncludes bibliographical references.
=505  0\$aDeclaración constitucional del estado de alarma y efectos generales sobre la privacidad -- Sujetos implicados en el tratamiento de datos de salud en supuestos excepcionales de emergencia sanitaria -- Integridad y confidencialidad como principio técnico esencial en tiempos del COVID-19.
=650  \0$aMedical records$xAccess control$zSpain.
=650  \0$aCOVID-19 (Disease)$xLaw and legislation$zSpain.
=650  \0$aData protection$xLaw and legislation$zSpain.
=650  \0$aPrivacy, Right of$zSpain.
=650  \6$aDossiers médicaux$xAccès$xContrôle$zEspagne.
=650  \7$aCOVID-19 (Disease)$xLaw and legislation.$2fast$0(OCoLC)fst01984648
=650  \7$aData protection$xLaw and legislation.$2fast$0(OCoLC)fst00887963
=650  \7$aMedical records$xAccess control.$2fast$0(OCoLC)fst01014549
=650  \7$aPrivacy, Right of.$2fast$0(OCoLC)fst01077444
=650  \7$0(FrPBN)17874459$aSARS-CoV-2 (virus)$0(FrPBN)13319331$xLégislation$0(FrPBN)11931278$zEspagne.$2ram
=650  \7$0(FrPBN)11967910$aDossiers médicaux$xAccès$xContrôle$0(FrPBN)11931278$zEspagne.$2ram
=651  \7$aSpain.$2fast$0(OCoLC)fst01204303
=852  41$aBritish Library$bHMNTS$jYF.2022.a.19415
=856  41$uhttp://digital.casalini.it/9788413248301
=CAT  \\$aBATCH-WEL$b00$c20220530$lBLL01$h1631
=CAT  \\$aBATCH-UPD$b00$c20220530$lBLL01$h1644
=FIN  \\$aY$d20220530
=FMT  \\$a  BK
=LAS  \\$aBATCH-UPD$b00$c20220530$lBLL01$h1644
=SRC  \\$aOCLC$bOCLChits2205.lex

