=LDR  01974cam a2200505 i 4500
=001  019963401
=003  Uk
=005  20220530163153.0
=008  200810s2020\\\\sp\\\\\\\b\\\\001\0\spa\d
=020  \\$a9788413247731$q(paperback)
=020  \\$a841324773X$q(paperback)
=020  \\$z9788413248349$q(electronic bk.)
=035  \\$a(OCoLC)1184051172
=040  \\$aC3L$beng$cC3L$dC3L$dUIU$dOCLCO$dUIU$dOCLCO$dOCLCF$erda
=042  \\$aukblderived
=043  \\$ae------$anc-----$an-mx---
=050  \4$aF1392.S7$bM378 2020
=082  04$a972.00461$223
=100  1\$aMartínez Chávez, Eva Elizabeth,$eauthor.
=245  10$aEspaña en el recuerdo, México en la esperanza :$bjuristas republicanos del exilio /$cEva Elizabeth Martínez Chávez.
=264  \1$aMadrid :$bDykinson,$c2020.
=264  \4$c©2020
=300  \\$a343 [8] pages ;$c24 cm.
=336  \\$atext$2rdacontent
=337  \\$aunmediated$2rdamedia
=338  \\$avolume$2rdacarrier
=490  1\$aHistoria del derecho ;$v84
=504  \\$aIncludes bibliographical references and index.
=650  \0$aSpaniards$zMexico.
=650  \0$aExiles$zMexico.
=650  \0$aExiled scholars$zMexico.
=650  \7$aExiled scholars.$2fast$0(OCoLC)fst02010072
=650  \7$aExiles.$2fast$0(OCoLC)fst00918139
=650  \7$aSpaniards.$2fast$0(OCoLC)fst01128153
=651  \7$aMexico.$2fast$0(OCoLC)fst01211700
=776  08$iElectronic version:$aMartínez Chávez, Eva Elizabeth.$tEspana en el recuerdo, Mexico en la esperanza.$w(OCoLC)1199057653$dMadrid : Dykinson, 2020$z9788413248349
=830  \0$aHistoria del derecho (Universidad Carlos III de Madrid) ;$v84.
=852  41$aBritish Library$bHMNTS$jYF.2022.a.18600
=856  41$uhttp://digital.casalini.it/9788413248349
=CAT  \\$aBATCH-WEL$b00$c20220530$lBLL01$h1631
=CAT  \\$aBATCH-UPD$b00$c20220530$lBLL01$h1643
=FIN  \\$aY$d20220530
=FMT  \\$a  BK
=LAS  \\$aBATCH-UPD$b00$c20220530$lBLL01$h1643
=SRC  \\$aOCLC$bOCLChits2205.lex

