=LDR  01995cam a2200541 i 4500
=001  019966979
=003  Uk
=005  20220530163152.0
=008  200831s2020\\\\sp\\\\\\\b\\\\000\0\spa\\
=010  \\$a2020468088  
=020  \\$a9788497693561
=020  \\$a8497693566
=035  \\$a(OCoLC)1178763137
=040  \\$aDLC$beng$cDLC$dZCU$dOCLCF$dC3L$dOCLCO$dOCL$dYUS$dOCLCO$erda
=042  \\$aukblderived
=043  \\$ae-sp---
=050  00$aDP302.N33$bG36 2020
=082  14$a946$214
=100  1\$aGarcía-Sanz Marcotegui, Angel,$d1949-
=245  13$aLa Confederación liberal de la Montaña de Navarra (1836-1837) /$cÁngel García-Sanz Marcotegui.
=250  \\$a1a ed.
=264  \1$aPamplona :$bUniversidad Pública de Navarra,$c2020.
=300  \\$a189 pages ;$c24 cm.
=336  \\$atext$2rdacontent
=337  \\$aunmediated$2rdamedia
=338  \\$avolume$2rdacarrier
=490  1\$aColección Historia ;$v39
=504  \\$aIncludes bibliographical references (pages 195-189).
=647  \7$aCarlist War$c(Spain :$d1833-1840)$0(OCoLC)fst01352244$2fast
=648  \7$a1800-1899$2fast
=650  \0$aCarlists$zSpain$zNavarre.
=650  \7$aPolitics and government.$2fast$0(OCoLC)fst01919741
=650  \7$aCarlists.$2fast$0(OCoLC)fst00847593
=651  \0$aNavarre (Spain)$xPolitics and government$y19th century.
=651  \0$aSpain$xPolitics and government$y1814-1868.
=651  \7$aSpain.$2fast$0(OCoLC)fst01204303
=651  \7$aSpain$zNavarre.$2fast$0(OCoLC)fst01204156
=655  \7$aHistory.$2fast$0(OCoLC)fst01411628
=655  \7$aMilitary history.$2fast$0(OCoLC)fst01411630
=830  \0$aColección Historia ;$v39.
=852  41$aBritish Library$bHMNTS$jYF.2022.a.18764
=856  41$uhttp://digital.casalini.it/9788497693585
=CAT  \\$aBATCH-WEL$b00$c20220530$lBLL01$h1631
=CAT  \\$aBATCH-UPD$b00$c20220530$lBLL01$h1643
=FIN  \\$aY$d20220530
=FMT  \\$a  BK
=LAS  \\$aBATCH-UPD$b00$c20220530$lBLL01$h1643
=SRC  \\$aOCLC$bOCLChits2205.lex

