=LDR  02571cam a2200601 i 4500
=001  019969410
=003  Uk
=005  20220530163157.0
=008  201006s2020\\\\sp\a\\\\\b\\\f001\0\spa\\
=010  \\$a2020401523  
=020  \\$a9788490962428
=020  \\$a9788490914458
=020  \\$a8490914451
=020  \\$a8490962421
=035  \\$a(OCoLC)1242018019
=040  \\$aDLC$beng$cDLC$dOCLCO$dC3L$dOCLCF$dHUL$dOCLCO$erda
=041  1\$aspa$hfre
=042  \\$aukblderived
=043  \\$ae-sp---
=050  00$aNA7863.S7$bH47 2020
=082  14$a729$214
=100  1\$aHerrero Carretero, Concha,$eauthor.
=245  13$aLa decoración ideada por François Grognard para los apartamentos de la Duquesa de Alba en el Palacio de Buenavista /$cpor Concha Herrero Carretero, Álvaro Molina y Jesusa Vega ; con textos originales de François Grognard.
=264  \1$aMadrid :$bMinisterio de Defensa :$bCasa de Velázquez,$c2020.
=300  \\$a470 pages :$billustrations ;$c22 cm.
=336  \\$atext$2rdacontent
=337  \\$aunmediated$2rdamedia
=338  \\$avolume$2rdacarrier
=490  1\$aCollection de la Casa de Velázquez ;$vvol. 177
=504  \\$aIncludes bibliographical references (pages 439-455) and index.
=546  \\$aText in Spanish; includes texts by François Grognard in Spanish translation from original French.
=600  10$aGrognard, François,$d1748-1823.
=600  10$aAlba, María del Pilar Teresa Cayetana de Silva Alvarez de Toledo,$cduquesa de,$d1762-1802.
=600  17$aAlba, María del Pilar Teresa Cayetana de Silva Alvarez de Toledo,$cduquesa de,$d1762-1802$2fast$0(OCoLC)fst00075079
=610  20$aPalacio de Buenavista (Madrid, Spain)
=648  \7$a1700-1799$2fast
=650  \0$aInterior decoration$zSpain$zMadrid$xHistory$y18th century.
=650  \6$aDécoration intérieure$zEspagne$zMadrid$xHistoire$y18e siècle.
=650  \7$aInterior decoration.$2fast$0(OCoLC)fst00976327
=651  \7$aSpain$zMadrid.$2fast$0(OCoLC)fst01204086
=655  \7$aHistory.$2fast$0(OCoLC)fst01411628
=700  1\$aMolina, Álvaro.
=700  1\$aVega, Jesusa,$d1957-
=700  1\$aGrognard, François,$d1748-1823.
=830  \0$aCollection de la Casa de Velázquez ;$v177.
=852  41$aBritish Library$bHMNTS$jYF.2022.a.19634
=856  41$uhttp://digital.casalini.it/9788490962442
=CAT  \\$aBATCH-WEL$b00$c20220530$lBLL01$h1631
=CAT  \\$aBATCH-UPD$b00$c20220530$lBLL01$h1645
=FIN  \\$aY$d20220530
=FMT  \\$a  BK
=LAS  \\$aBATCH-UPD$b00$c20220530$lBLL01$h1645
=SRC  \\$aOCLC$bOCLChits2205.lex

