=LDR  01943cam a2200529 i 4500
=001  019974211
=003  Uk
=005  20220530163157.0
=008  200903s2020\\\\sp\\\\\\\b\\\\000\0\spa\\
=010  \\$a2020520437  
=020  \\$a9788413400945
=020  \\$a8413400945
=035  \\$a(OCoLC)1243906594
=040  \\$aDLC$beng$cDLC$dOCLCO$dOCLCF$dC3L$dOCLCO$erda
=042  \\$aukblderived
=043  \\$ae-sp---
=050  00$aPC4781.A79$bA73 2020
=082  14$a467$214
=245  00$aAragonés y catalán en la historia lingüística de Aragón /$cJavier Giralt Latorre y Francho Nagore Laín (eds.).
=250  \\$a1a edición.
=264  \1$aZaragoza, España :$bPrensas de la Universidad de Zaragoza,$c2020.
=300  \\$a234 pages :$billustrations, maps ;$c24 cm.
=336  \\$atext$2rdacontent
=337  \\$aunmediated$2rdamedia
=338  \\$avolume$2rdacarrier
=490  0\$aColección Papers d'Avignon ;$v5
=504  \\$aIncludes bibliographical references.
=650  \0$aAragonese language$zSpain$zAragon.
=650  \0$aCatalan language$zSpain$zAragon.
=650  \6$aAragonais (Dialecte)$zEspagne$zAragon.
=650  \6$aCatalan (Langue)$zEspagne$zAragon.
=650  \7$aAragonese language.$2fast$0(OCoLC)fst01745772
=650  \7$aCatalan language.$2fast$0(OCoLC)fst00848539
=650  \7$aLanguage and languages.$2fast$0(OCoLC)fst00992154
=651  \0$aAragon (Spain)$xLanguages.
=651  \6$aAragon (Espagne)$xLangues.
=651  \7$aSpain$zAragon.$2fast$0(OCoLC)fst01227604
=700  1\$aGiralt Latorre, Javier,$d1967-
=700  1\$aNagore Laín, Francho.
=852  41$aBritish Library$bHMNTS$jYF.2022.a.18644
=856  41$uhttp://digital.casalini.it/9788413400952
=CAT  \\$aBATCH-WEL$b00$c20220530$lBLL01$h1631
=CAT  \\$aBATCH-UPD$b00$c20220530$lBLL01$h1645
=FIN  \\$aY$d20220530
=FMT  \\$a  BK
=LAS  \\$aBATCH-UPD$b00$c20220530$lBLL01$h1645
=SRC  \\$aOCLC$bOCLChits2205.lex

