=LDR  02034cam a2200481 i 4500
=001  019976636
=003  Uk
=005  20220625095713.0
=008  201001s2020\\\\sp\a\\\\\b\\\\000\0\fre\d
=020  \\$a9788490963203
=020  \\$a8490963207
=035  \\$a(OCoLC)1200195606
=040  \\$aC3L$beng$cC3L$dAUXAM$dHUL$dOCLCO$dOCLCF$dC3L$erda
=042  \\$aukblderived
=043  \\$ae-sp---
=050  \4$aNB813.3.D36$bA43 2020
=082  14$a730$214
=100  1\$aAlbert-Llorca, Marlène,$eauthor.
=245  13$aLa Dame d'Elche, un destin singulier :$bessai sur les réceptions d'une statue ibérique /$cMarlène Albert Llorca, Pierre Rouillard.
=264  \1$aMadrid :$bCasa de Velázquez,$c2020.
=300  \\$ax, 179 pages :$billustrations ;$c22 cm.
=336  \\$atext$2rdacontent
=337  \\$aunmediated$2rdamedia
=338  \\$avolume$2rdacarrier
=490  0\$aEssais de la Casa de Velázquez ;$v14
=500  \\$aText in French.Includes bibliographical references.
=504  \\$aIncludes bibliographical references.
=505  0\$aIntroduction -- La découvert de l'art ibérique et la Dame -- Au fil d'un siècle, la Dame en débats -- Sous le regard des artistes: la dame entre orientalisme, primitivisme et Art nouveau -- Femmes de peirre et femmes de chair -- La Dame entre Elche et Madrid -- Conclusion.
=630  00$aDama de Elche (Sculpture)
=630  07$aDama de Elche (Sculpture)$2fast$0(OCoLC)fst00887262
=650  \0$aSculpture, Iberian$zSpain$zBaza.
=650  \7$aSculpture, Iberian.$2fast$0(OCoLC)fst01109719
=651  \7$aSpain$zBaza.$2fast$0(OCoLC)fst01225479
=700  1\$aRouillard, Pierre,$eauthor.
=852  41$aBritish Library$bHMNTS$jYF.2022.a.13365
=856  41$uhttp://digital.casalini.it/9788490963227
=CAT  \\$aBATCH-WEL$b00$c20220530$lBLL01$h1631
=CAT  \\$aBATCH-UPD$b00$c20220530$lBLL01$h1644
=CAT  \\$a11296$b40$c20220625$lBLL01$h0957
=FIN  \\$aY$d20220530
=FMT  \\$a  BK
=LAS  \\$a11296$b40$c20220625$lBLL01$h0957
=SRC  \\$aOCLC$bOCLChits2205.lex

