=LDR  02064cam a2200541 i 4500
=001  019976652
=003  Uk
=005  20220530163155.0
=008  201005s2020\\\\sp\\\\\\\b\\\\000\0\spa\\
=010  \\$a2020500105  
=020  \\$a9788490962510
=020  \\$a8490962510
=035  \\$a(OCoLC)1201190581
=040  \\$aDLC$beng$cDLC$dWLU$dOCLCF$dAUXAM$dEEM$dC3L$dOCLCO$dOCL$dOCLCO$erda
=042  \\$aukblderived
=043  \\$ae-sp---
=050  00$aDP192$b.S43 2020
=082  14$a946$214
=245  00$aSecularización en España (1700-1845) :$balbores de un proceso político /$ceditado por Françoise Crémoux y Danièle Bussy Genevois.
=264  \1$aMadrid, España :$bCasa de Velázquez,$c2020.
=300  \\$aviii, 296 pages ;$c24 cm.
=336  \\$atext$2rdacontent
=337  \\$aunmediated$2rdamedia
=338  \\$avolume$2rdacarrier
=490  1\$aCollection de la Casa de Velázquez ;$vvolume 180
=504  \\$aIncludes bibliographical references (pages 269-296).
=648  \7$a1700-1899$2fast
=650  \0$aSecularization$zSpain$xHistory.
=650  \0$aSecularization$xPolitical aspects$zSpain$xHistory.
=650  \0$aChurch lands$zSpain$xHistory.
=650  \7$aSecularization.$2fast$0(OCoLC)fst01110738
=650  \7$aChurch lands.$2fast$0(OCoLC)fst00860770
=650  \7$aPolitics and government.$2fast$0(OCoLC)fst01919741
=651  \0$aSpain$xPolitics and government$y18th century.
=651  \0$aSpain$xPolitics and government$y19th century.
=651  \7$aSpain.$2fast$0(OCoLC)fst01204303
=655  \7$aHistory.$2fast$0(OCoLC)fst01411628
=700  1\$aCrémoux, Françoise.
=700  1\$aBussy Genevois, Danièle.
=830  \0$aCollection de la Casa de Velázquez ;$v180.
=852  41$aBritish Library$bHMNTS$jYF.2022.a.18740
=856  41$uhttp://digital.casalini.it/9788490962534
=CAT  \\$aBATCH-WEL$b00$c20220530$lBLL01$h1631
=CAT  \\$aBATCH-UPD$b00$c20220530$lBLL01$h1644
=FIN  \\$aY$d20220530
=FMT  \\$a  BK
=LAS  \\$aBATCH-UPD$b00$c20220530$lBLL01$h1644
=SRC  \\$aOCLC$bOCLChits2205.lex

