=LDR  02867cam a2200529 i 4500
=001  019976706
=003  Uk
=005  20220530163152.0
=008  200803s2020\\\\sp\a\\\\\\\\\\000\0\spa\d
=020  \\$a9788413400112
=020  \\$a8413400112
=035  \\$a(OCoLC)1183385843
=040  \\$aC3L$beng$cC3L$dSTF$dOCLCO$dOCLCF$dC3L$dEEM$dOCLCQ$erda
=042  \\$aukblderived
=043  \\$ae-po---$ae-sp---
=043  \\$ae-sp---
=050  \4$aLF4742$b.M63 2020
=082  14$a378$214
=245  00$aModernas, cultas y profesionales :$bmujeres del siglo XX tituladas en la Universidad de Zaragoza /$cConsuelo Miqueo, Isabel Blázquez Ornat (eds.)
=250  \\$a1a edición.
=264  \1$aZaragoza :$bPrensas de la Universidad de Zaragoza,$c2020.
=300  \\$a336 pages :$billustrations ;$c24 cm
=336  \\$atext$2rdacontent
=337  \\$aunmediated$2rdamedia
=338  \\$avolume$2rdacarrier
=500  \\$aCollected essays.
=520  \\$aEl libro es un reconocimiento textual y visual de la presencia y relevancia de las mujeres académicas de la Universidad de Zaragoza, cuyo distrito universitario comprendía las provincias de Zaragoza, Huesca, Teruel, Logroño, Soria y Navarra. Capítulo a capítulo, traza biografías personales o colectivas de las tituladas en Derecho, Filosofía, Ciencias, Medicina, Magisterio, Enfermería, Matronas, Practicantas y Terapia Ocupacional. Las trayectorias profesionales analizadas muestran dos grandes modelos: cultas amas de casa, esposas y madres de familia o modernas profesionales diseminadas por toda España y fuera de ella. Historiográficamente considerado, este libro es un buen modelo para otras instituciones, puesto que la Universidad de Zaragoza es la primera en ofrecer su genealogía femenina."--Page 4 of cover.
=610  20$aUniversidad de Zaragoza$xHistory$y20th century.
=610  27$aUniversidad de Zaragoza$2fast$0(OCoLC)fst00548455
=648  \7$a1900-1999$2fast
=650  \0$aWomen$xEducation (Higher)$zSpain$zZaragoza$xHistory$y20th century.
=650  \0$aWomen college teachers$zSpain$zZaragoza$xHistory$y20th century.
=650  \7$aWomen college teachers.$2fast$0(OCoLC)fst01177488
=650  \7$aWomen$xEducation (Higher)$2fast$0(OCoLC)fst01176700
=651  \7$aSpain$zZaragoza.$2fast$0(OCoLC)fst01204605
=655  \7$aConference papers and proceedings.$2fast$0(OCoLC)fst01423772
=655  \7$aHistory.$2fast$0(OCoLC)fst01411628
=700  1\$aBlázquez Ornat, Isabel,$eeditor.
=700  1\$aMiqueo, Consuelo,$eeditor.
=852  41$aBritish Library$bHMNTS$jYF.2022.a.18686
=856  41$uhttp://digital.casalini.it/9788413400129
=CAT  \\$aBATCH-WEL$b00$c20220530$lBLL01$h1631
=CAT  \\$aBATCH-UPD$b00$c20220530$lBLL01$h1643
=FIN  \\$aY$d20220530
=FMT  \\$a  BK
=LAS  \\$aBATCH-UPD$b00$c20220530$lBLL01$h1643
=SRC  \\$aOCLC$bOCLChits2205.lex

