=LDR  01114cam a22003377i 4500
=001  019979720
=003  Uk
=005  20230406080911.0
=008  200918s2020\\\\it\a\\\\\\\\\\001\0dita\d
=020  \\$a9788822267047$qpaperback
=020  \\$a8822267044$qpaperback
=035  \\$a(OCoLC)1196835398
=040  \\$aNARDE$beng$cNARDE$dC3L
=050  \4$aDS
=082  14$a724
=100  1\$aZangheri, Luigi.
=245  10$aNel Giardino cinese della luminosità perfetta /$cLuigi Zangheri.
=260  \\$aFirenze :$bLeo S. Olschki,$c2020.
=300  \\$axvi, 234 p. :$b241 ill. (chiefly col.) ;$c24 cm.
=490  0\$aGiardini e paesaggio ;$v55
=504  \\$aIncludes indexes.
=653  1\$aArchitecture from 1400$aGeneral history of Asia Far East
=852  41$aBritish Library$bHMNTS$jYF.2023.a.7615
=856  41$uhttp://digital.casalini.it/9788822283887
=985  \\$aAwaiting full record
=CAT  \\$a8197$b40$c20201014$lBLL01$h1500
=CAT  \\$a16187$b40$c20230406$lBLL01$h0809
=CAT  \\$aW2308-1659$c20230923$lBLL01$h0946
=FMT  \\$a  BK
=LAS  \\$aW2308-1659$b00$c20230923$lBLL01$h0946
=SID  \\$aZ39$bOCLC

