=LDR  01825cam a2200541 i 4500
=001  019986600
=003  Uk
=005  20220530163155.0
=008  200922s2020\\\\sp\\\\\\\b\\\\000\0\spa\\
=010  \\$a2020457901  
=020  \\$a9788413248196
=020  \\$a8413248191
=020  \\$a9788413248684$qpdf
=020  \\$a841324868X
=035  \\$a(OCoLC)1201191660
=040  \\$aDLC$beng$cDLC$dC3L$dOCLCO$dOCLCF$dOCLCO$erda
=042  \\$aukblderived
=043  \\$ae-sp---
=050  00$aRA395.S7$bC34 2020
=082  14$a344$214
=100  1\$aCalvo Vérgez, Juan,$eauthor.
=245  13$aLa sanidad en España :$bsituación actual y perspectivas de futuro /$cJuan Calvo Vérgez.
=264  \1$aMadrid :$bEditorial Dykinson,$c[2020]
=300  \\$a186 pages ;$c24 cm
=336  \\$atext$2rdacontent
=337  \\$aunmediated$2rdamedia
=338  \\$avolume$2rdacarrier
=504  \\$aIncludes bibliographical references.
=650  \0$aMedical policy$zSpain.
=650  \0$aPublic health$zSpain.
=650  \0$aMedical care$zSpain.
=650  \0$aCOVID-19 (Disease)$zSpain.
=650  \6$aPolitique sanitaire$zEspagne.
=650  \6$aSanté publique$zEspagne.
=650  \6$aCOVID-19$zEspagne.
=650  \7$aCOVID-19 (Disease)$2fast$0(OCoLC)fst01984643
=650  \7$aMedical care.$2fast$0(OCoLC)fst01013753
=650  \7$aMedical policy.$2fast$0(OCoLC)fst01014505
=650  \7$aPublic health.$2fast$0(OCoLC)fst01082238
=651  \7$aSpain.$2fast$0(OCoLC)fst01204303
=852  41$aBritish Library$bHMNTS$jYF.2022.a.18781
=856  41$uhttp://digital.casalini.it/9788413248684
=CAT  \\$aBATCH-WEL$b00$c20220530$lBLL01$h1631
=CAT  \\$aBATCH-UPD$b00$c20220530$lBLL01$h1644
=FIN  \\$aY$d20220530
=FMT  \\$a  BK
=LAS  \\$aBATCH-UPD$b00$c20220530$lBLL01$h1644
=SRC  \\$aOCLC$bOCLChits2205.lex

