=LDR  02502cam a2200601 i 4500
=001  019992691
=003  Uk
=005  20230717110842.0
=008  210310t20202020sp\ab\\\\b\\\\001\0\spa\c
=010  \\$a  2020470139
=020  \\$a9788491921585$q(Iberoamericana :$qpaperback)
=020  \\$a8491921583$q(Iberoamericana :$qpaperback)
=020  \\$a9783968690513$q(Vervuert :$qpaperback)
=020  \\$a3968690516$q(Vervuert :$qpaperback)
=020  \\$z9783968690506$q(e-book)
=020  \\$a3968690508
=020  \\$a9783968690506
=035  \\$a(OCoLC)1197991149$z(OCoLC)1200195637
=040  \\$aSP-BaPL$beng$cDLC$dVA@$dCGU$dOCLCF$dEMU$dOHX$dFDA$dC3L$dOCLCO$dUBY$dOCL$dUPM$dOCLCO$erda
=042  \\$aukblcatcopy
=050  00$aPQ6147.A87$bL67 2020
=082  14$a863$214
=100  1\$aLópez López-Gay, Patricia,$d1979-$eauthor.
=245  10$aFicciones de verdad :$barchivo y narrativas de vida /$cPatricia López-Gay.
=264  \1$aMadrid :$bIberoamericana ;$aFrankfurt am Main :$bVervuert,$c2020.
=300  \\$a244 pages :$billustrations (some color), color map ;$c22 cm.
=336  \\$atext$2rdacontent
=336  \\$astill image$bsti$2rdacontent
=337  \\$aunmediated$2rdamedia
=338  \\$avolume$2rdacarrier
=490  1\$aEdiciones de Iberoamericana ;$v116
=504  \\$aIncludes bibliographical references (pages 217-238) and index.
=600  10$aSemprún, Jorge$xCriticism and interpretation.
=600  10$aVila-Matas, Enrique,$d1948-$xCriticism and interpretation.
=600  10$aSanz, Marta,$d1967-$xCriticism and interpretation.
=600  10$aMarías, Javier$xCriticism and interpretation.
=600  17$aMarías, Javier$2fast$0(OCoLC)fst00034575
=600  17$aSemprún, Jorge$2fast$0(OCoLC)fst00041340
=600  17$aVila-Matas, Enrique,$d1948-$2fast$0(OCoLC)fst01476955
=648  \7$a1900-1999$2fast
=650  \0$aAutobiographical fiction, Spanish$xHistory and criticism.
=650  \7$aAutobiographical fiction, Spanish.$2fast$0(OCoLC)fst00822586
=650  \7$aSpanish literature.$2fast$0(OCoLC)fst01128568
=655  \7$aCriticism, interpretation, etc.$2fast$0(OCoLC)fst01411635
=830  \0$aEdiciones de Iberoamericana ;$v116.
=852  41$aBritish Library$bHMNTS$jYF.2023.a.16993
=856  41$uhttp://digital.casalini.it/9783968690506
=CAT  \\$a8197$b40$c20201029$lBLL01$h1058
=CAT  \\$a15066$b40$c20230717$lBLL01$h1108
=FIN  \\$aY$d20230717
=FMT  \\$a  BK
=LAS  \\$a15066$b40$c20230717$lBLL01$h1108
=SID  \\$aZ39$bOCLC

