=LDR  02212cam a2200589 i 4500
=001  019996727
=003  Uk
=005  20230628150539.0
=006  m\\\\\\\\d\\\\\\\\
=007  cr\|||||||||||
=008  201030s2020\\\\sp\a\\\\\\\\\\000\0\spa\d
=010  \\$a  2020468515
=020  \\$a9788400106522$qpaperback
=020  \\$a8400106520
=035  \\$a(OCoLC)1197992211
=035  \\$a(OCoLC)1197991431
=040  \\$aC3L$beng$cDLC$dC3L$dOCLCF$dFDA$erda
=041  1\$aspa$hlat
=042  \\$aukblcatcopy
=043  \\$ae-sp---
=050  \4$aCN
=050  00$aCN670$b.F48 2020
=082  14$a471$214
=100  1\$aFernández Corral, Marta,$eauthor.
=245  13$aLa epigrafía funeraria de época romana del área autrigona :$bconmemoración, relaciones familiares y sociedad /$cMarta Fernández Corral.
=264  \1$aMadrid :$bConsejo Superior de Investigaciones Científicas,$c2020.
=300  \\$a184 pages :$billustrations, maps, charts ;$c28 cm.
=336  \\$atext$btxt$2rdacontent
=337  \\$aunmediated$bn$2rdamedia
=338  \\$avolume$bnc$2rdacarrier
=490  1\$aAnejos de Archivo Español de Arqueología ;$vLXXXIX
=504  \\$aIncludes bibliographical references (pages 163-178) and index.
=546  \\$aLatin inscriptions with Spanish translations and text.
=650  \0$aInscriptions, Latin$zSpain, Northern.
=650  \0$aSepulchral monuments$zSpain, Northern.
=650  \0$aEpitaphs$zSpain, Northern.
=650  \6$aInscriptions latines$zEspagne (Nord)
=650  \6$aÉpitaphes$zEspagne (Nord)
=650  \7$aEpitaphs.$2fast$0(OCoLC)fst00914366
=650  \7$aInscriptions, Latin.$2fast$0(OCoLC)fst00973901
=650  \7$aSepulchral monuments.$2fast$0(OCoLC)fst01112853
=651  \7$aNorthern Spain.$2fast$0(OCoLC)fst01692650
=830  \0$aAnejos de Archivo Español de Arqueología.
=852  41$aBritish Library$bHMNTS$jYF.2023.b.1072
=856  40$uhttp://digital.casalini.it/9788400106522
=CAT  \\$a8197$b40$c20201103$lBLL01$h1334
=CAT  \\$a15066$b40$c20230628$lBLL01$h1505
=CAT  \\$aW2308-1659$c20230923$lBLL01$h0946
=FIN  \\$aY$d20230628
=FMT  \\$a  BK
=LAS  \\$aW2308-1659$b00$c20230923$lBLL01$h0946
=SID  \\$aZ39$bOCLC

