=LDR  01874 am a2200469 i 4500
=001  019996787
=003  Uk
=005  20201103150522.0
=008  201021s2020\\\\sp\\\\\\\b\\\\001\0\spa\d
=020  \\$a9788491921219$q(Iberoamericana)
=020  \\$a8491921214$q(Iberoamericana)
=020  \\$a9783968690445$q(Vervuert)
=020  \\$a3968690443$q(Vervuert)
=035  \\$a(OCoLC)1201201897
=040  \\$aTXJ$beng$cTXJ$dC3L$dUk$erda
=042  \\$aukblcatcopy
=043  \\$acl-----$acc-----
=050  \4$aPQ7081$b.B66 2020
=082  14$a860$214
=100  1\$aBonfiglio, Florencia,$eauthor.
=245  14$aThe great Will =$bEl gran legado : pre-textos y comienzos literarios en América Latina y el Caribe /$cFlorencia Bonfiglio.
=246  31$aGran legado
=264  \1$aMadrid :$bIberoamericana ;$aFrankfurt am Main :$bVervuert,$c2020.
=300  \\$a454 pages ;$c22 cm.
=336  \\$atext$btxt$2rdacontent
=337  \\$aunmediated$bn$2rdamedia
=338  \\$avolume$bnc$2rdacarrier
=490  1\$aNexos y diferencias : estudios de la cultura de América Latina ;$v62
=500  \\$a"I premio de ensayo hispánico Klaus D. Vervuert."
=504  \\$aIncludes bibliographical references (pages 425-449) and index.
=650  \0$aLatin American literature$xHistory and criticism.
=650  \0$aCaribbean literature$xHistory and criticism.
=776  08$iOnline version:$aBonfiglio, Florencia.$tGreat Will.$w(OCoLC)1199083358$dMadrid : Iberoamericana ; Frankfurt : Vervuert, 2020$z9783968690452
=830  \0$aColección Nexos y diferencias ;$vno. 62.
=852  41$aBritish Library$bHMNTS$jYF.2020.a.9552
=856  41$uhttp://digital.casalini.it/9783968690452
=CAT  \\$a8197$b40$c20201103$lBLL01$h1504
=CAT  \\$a8197$b40$c20201103$lBLL01$h1505
=FIN  \\$aY$d20201103
=FMT  \\$a  BK
=LAS  \\$a8197$b40$c20201103$lBLL01$h1505
=SID  \\$aZ39$bOCLC

