=LDR  05794 am a2200553 i 4500
=001  020216637
=003  Uk
=005  20210608151156.0
=008  210111t20202020sp\a\\\\\b\\\\000\0\spa\d
=020  \\$a9788491921738$qhardback
=020  \\$a8491921737$qhardback
=035  \\$a(OCoLC)1231722916
=040  \\$aC3L$beng$cC3L$dOHX$dERASA$dIND$dOCLCF$dOCLCO$dC3L$dNOC$dUk$erda
=042  \\$aukblcatcopy
=050  \4$aPQ6066$b.M785 2020
=082  14$a860$214
=245  00$aMujer y sociedad en la literatura del Siglo de Oro /$cFrancisco Domínguez Matito, Juan Manuel Escudero Baztán, Rebeca Lázaro Niso (eds.).
=264  \1$aMadrid :$bIberoamericana ;$aFrankfurt am Main :$bVervuert,$c2020.
=264  \4$c©2020
=300  \\$a327 pages :$billustrations (some color) ;$c24 cm.
=336  \\$atext$btxt$2rdacontent
=337  \\$aunmediated$bn$2rdamedia
=338  \\$avolume$bnc$2rdacarrier
=490  1\$aBiblioteca Áurea Hispánica ;$v137
=500  \\$aCollected essays.
=504  \\$aIncludes bibliographical references.
=505  0\$a"Ya sabes que soy cruel: / el pajizo y encarnado / me pondré": Jezabetl en La mujer que manda en casa de Tirso de Molina / Roberta Alviti -- Un manuscrito perdido (1601-1602) y dos Relaciones de mercedes (1629, 1633) de Cecilia del Nacimiento: la autobiografía místicasobre el modelo teresiano / Esther Borrego Gutiérrez -- Aproximaciones a la faceta lúdica de una monja novohispana: las fiestas teatrales cortesanas de sor Juana Inés de la Cruz / Jesús Cañas Murillo -- Damas guerreras en el teatro femenino: aportaciones de dramaturgas del siglo XVIII a la perpetuación de un tópico barroco / Alberto Escalante Varona -- Mujeres criminales en las crónicas sociales del Siglo de Oro / Juan Manuel Escudero Baztán -- El motivo de las mujeres guerreras en Cubillo de Aragón / Rebeca Lázaro Niso -- Coloquios en el convento: a propósito de escritura femenina en un manuscrito anónimo del siglo XVII / María Luisa Lobato, María Robles -- Estudios de género y demás extravíos: el caso de la mujer en La vida es sueño de Pedro Calderón de la Barca / Emmanuel Marigno -- Dos Marcelas enlazadaas: reminiscencias del personaje del Quijote en la comedia La Arcadia en Belén y Amor el mayor hechizo, de Matos y Guzmán / Juan Antonio Martínez Berbel -- El personaje ¿femenino? en Añasco el e Talavera de Álvaro Cubillo de Aragón / Maribel Martínez López --- Hibridada galería de mujeres en los sonetos (y el las décimas) de circunstancias de Luis de Góngora / Juan Matas Caballero -- La serrana de la Vera: de heroína trágica a su compleja mitificación contemporánea / Miguel Nieto Nuño -- Madres y esposas: la sexualidad en el Guzmán de Alfarache / Victoriano Roncero López -- Análisis de las virtudes de la perfecta casada: de los tratadistas a Cubillo de Aragón / Isabel Sainz Bariain -- La dama en el episodio de los comendadores de Córdoba: de la honra pública al amor privado, de Lope de Vega a Cubillo de Aragón / Simón Sampedro Pascual -- Las figuras femeninaas de la hermosa Ester de Lope de Vega: entre dimensión pública y esfera privada/ Marcella Trambaioli -- De criadas y graciosas, con unos ejemplos e Moreto / Debora Vaccari.
=520  8\$a"La literatura como manifestación artística siempre ha consistido en un delicado, a veces indescifrable, equilibrio entre creador y receptor. Ambos siempre han adoptado múltiples caras, y han sido objeto de numerosos acercamientos críticos. Posiblemente la división básica sobre hombres y mujeres, que gravita sobre todos estos modelos de análisis, no haya sido siempre atendida en toda su complejidad. Los primeros siempre a la búsqueda insatisfecha de su preeminencia en el ámbito de la esfera pública, y las mujeres relegadas a la fuerza al ámbito doméstico y privado. Desde una perspectiva historicista - y echando la vista atrás hacia las primeras manifestaciones de rudimentarias escrituras - la posición de la mujer con respecto a la literatura ha tenido siempre una presencia satélite y secundaria frente al tradicional dominio masculino, responsable este último para la posteridad de una visión de lo que le rodea hecha a su imagen y semejanza, que olvida a menudo que las inquietudes de mujeres y hombres, enfrentados a la creación literaria son, en muchos casos, las mismas. Así, todo este elenco de visiones poliédricas queda recogido en este monográfico que agavilla trabajos de muy diversa procedencia, bajo la perspectiva unitaria de la presencia de la mujer como sujeto individual y social en todos los ámbitos del hecho literario"--Back cover.
=648  \7$a1500-1700$2fast
=650  \0$aSpanish literature$yClassical period, 1500-1700$xHistory and criticism.
=650  \0$aWomen in literature.
=650  \0$aSpanish literature$xWomen authors$xHistory and criticism.
=650  \7$aSpanish literature$xClassical period.$2fast$0(OCoLC)fst01711000
=650  \7$aSpanish literature$xWomen authors.$2fast$0(OCoLC)fst01128618
=650  \7$aWomen in literature.$2fast$0(OCoLC)fst01177912
=655  \7$aCriticism, interpretation, etc.$2fast$0(OCoLC)fst01411635
=700  1\$aDomínguez Matito, Francisco,$d1952-$eeditor.
=700  1\$aEscudero, Juan Manuel,$eeditor.
=700  1\$aLázaro Niso, Rebeca,$eeditor.
=830  \0$aBiblioteca Aurea hispánica ;$v137.
=852  41$aBritish Library$bHMNTS$jYF.2021.a.3762
=856  41$uhttp://digital.casalini.it/9783968691183
=CAT  \\$a8197$b40$c20210608$lBLL01$h1509
=CAT  \\$a8197$b40$c20210608$lBLL01$h1510
=CAT  \\$a8197$b40$c20210608$lBLL01$h1511
=FIN  \\$aY$d20210608
=FMT  \\$a  BK
=LAS  \\$a8197$b40$c20210608$lBLL01$h1511
=SID  \\$aZ39$bOCLC

