=LDR  02298cam a2200577 i 4500
=001  020228459
=003  Uk
=005  20231012211554.0
=008  210617t20212021sp\a\\\\\b\\\\000\0bspa\d
=010  \\$a2021359885  
=020  \\$a9788418254956$qpdf
=020  \\$a8418254955
=020  \\$a9788418254376
=020  \\$a8418254378
=035  \\$a(OCoLC)on1253375448
=040  \\$aC3L$beng$cC3L$dC3L$dSTF$dOCLCO$dPIT$dOCLCO$dOCLCF$dOCL$dOCLCO$dDLC$dUk$erda
=042  \\$aukblcatcopy
=043  \\$ae-sp---
=050  00$aPQ6403.L3$bZ7534 2021
=082  14$a861$214
=100  1\$aMaganto Pavón, Emilio,$eauthor.
=245  13$aEl poeta Pedro Laínez (1538-1584) :$bactualización de su vida y obra en el contexto histórico y literario de Miguel de Cervantes /$cEmilio Maganto Pavón.
=264  \1$aAlcalá de Henares :$bEditorial Universidad de Alcalá,$c[2021].
=264  \4$c©2021
=300  \\$a552 pages :$billustrations ;$c25 cm.
=336  \\$atext$btxt$2rdacontent
=337  \\$aunmediated$bn$2rdamedia
=338  \\$avolume$bnc$2rdacarrier
=490  1\$aMonografías Humanidades ;$v83
=500  \\$aBiography of Pedro Laínez (1538-1584).
=504  \\$aIncludes bibliographical references (pages 527-540).
=600  10$aLaynez, Pedro,$dapproximately 1538-1584$xCriticism and interpretation.
=600  10$aCervantes Saavedra, Miguel de,$d1547-1616$xFriends and associates.
=600  17$aCervantes Saavedra, Miguel de,$d1547-1616$2fast$0(OCoLC)fst00041951
=650  \0$aPoets, Spanish$yClassical period, 1500-1700$vBiography.
=650  \7$aFriendship.$2fast$0(OCoLC)fst00935174
=655  \7$aCriticism, interpretation, etc.$2fast$0(OCoLC)fst01411635
=830  \0$aUAH monografías.$pHumanidades ;$v83.
=852  41$aBritish Library$bHMNTS$jYF.2023.a.24239
=856  41$uhttp://digital.casalini.it/9788418254956
=BUF  2\$aN2$d20210728
=CAT  \\$a6503$b40$c20210617$lBLL01$h1234
=CAT  \\$aBATCH-UPD$b40$c20210617$lBLL01$h1235
=CAT  \\$a10904$b40$c20210728$lBLL01$h1117
=CAT  \\$a15066$b40$c20231006$lBLL01$h0932
=CAT  \\$aBATCH-BUOC$b00$c20231012$lBLL01$h2115
=CAT  \\$aBATCH-UPD$b00$c20231012$lBLL01$h2119
=FIN  \\$aY$d20231006
=FMT  \\$a  BK
=LAS  \\$aBATCH-UPD$b00$c20231012$lBLL01$h2119
=SID  \\$aZ39$bOCLC

