=LDR  04472cam a2200589 i 4500
=001  020251066
=003  Uk
=005  20231004145020.0
=008  210708s2021\\\\sp\a\\\\\b\\\\001\0\spa\\
=010  \\$a  2021399735
=020  \\$a9788490962541
=020  \\$a8490962545
=035  \\$a(OCoLC)1257302037
=040  \\$aDLC$beng$cDLC$dC3L$dOTZ$dOCLCF$dUSD$dAUXAM$dCUY$dTJC$dQGK$dUPM$dOCLCO$dYDX$erda
=042  \\$aukblcatcopy
=043  \\$an------$as------$acl-----
=050  00$aE141$b.G634 2021
=082  14$a972$214
=100  1\$aLópez de Gómara, Francisco,$d1511-1564,$eauthor.
=240  10$aHistoria general de las Indias
=245  10$aHistoria de las Indias (1552) /$cFrancisco López de Gómara ; edición crítica por Monique Mustapha, Louise Bénat-Tachot, Marie-Cécile Benassy-Berling y Paul Roch ; con la colaboración de María del Carmen Martínez Martínez, Marie-Laure Rieu Millán y Mónica Zarza Roca.
=264  \1$aMadrid :$bCasa de Velázquez,$c2021.
=300  \\$a987 pages :$billustrations ;$c25 cm.
=336  \\$atext$btxt$2rdacontent
=337  \\$aunmediated$bn$2rdamedia
=338  \\$avolume$bnc$2rdacarrier
=490  1\$aSources de la Casa de Velázquez ;$v1
=504  \\$aIncludes bibliographical references and indexes.
=520  \\$a"Entre las crónicas españolas del siglo XVI relativas al Nuevo Mundo, la Historia de las Indias de Francisco López de Gómara (1552) fue la única en ofrecer una visión completa del proceso de descubrimiento y conquista. Contemporánea de los acontecimientos narrados, fue elaborada a distancia. Su autor no fue nunca a las Indias, pero consiguió una información de primera mano y se esforzó en comprender y plantear todos los problemas relacionados con esta secuencia histórica. Llama la atención la composición inteligente y sintética de la obra, así como su estilo esmerado y elegante. A partir de 1553, la difusión editorial de la obra fue perturbada: durante el siglo XVI varias cédulas reales coincidieron en prohibir su difusión, primero en las Indias, luego en los reinos peninsulares, y la prohibición perduró hasta 1729 a pesar de la publicación de una versión expurgada en Zaragoza en 1554. Sin embargo, la obra siguió siendo leída y utilizada dentro y fuera de España, gracias, en particular, a las numerosas traducciones que se hicieron de ella.De las dos partes que la componen, es la primera, la llamada «Historia de las Indias», la que más influyó en la historia de las ideas. Es la que se edita aquí.La obra de Gómara no ha sido objeto nunca de una edición crítica. Por primera vez, el lector podrá comparar la versión de la príncipe y la versión corregida de 1554, así como observar, gracias al aparato crítico, las filiaciones existentes entre todas las ediciones españolas publicadas entre 1552 y 1555. También encontrará notas destinadas a aclarar las fuentes manejadas por Gómara y la manera en que las utiliza, fichas críticas sobre varios aspectos de la obra y una serie de documentos novedosos que dan cuenta del estado actual de los estudios sobre su biografía."--Page 4 of cover.
=600  10$aLópez de Gómara, Francisco,$d1511-1564.
=630  07$aHistoria general de las Indias (López de Gómara, Francisco)$2fast$0(OCoLC)fst01379747
=648  \7$aTo 1830$2fast
=650  \7$aDiscoveries in geography$xSpanish.$2fast$0(OCoLC)fst01695187
=651  \0$aAmerica$xDiscovery and exploration$xSpanish$vEarly works to 1800.
=651  \0$aLatin America$xHistory$yTo 1600$vEarly works to 1800.
=651  \6$aAmérique$xDécouverte et exploration espagnoles$vOuvrages avant 1800.
=651  \6$aAmérique latine$xHistoire$yJusqu'à 1600$vOuvrages avant 1800.
=651  \7$aAmerica.$2fast$0(OCoLC)fst01239786
=651  \7$aLatin America.$2fast$0(OCoLC)fst01245945
=655  \7$aCriticism, interpretation, etc.$2fast$0(OCoLC)fst01411635
=655  \7$aHistory.$2fast$0(OCoLC)fst01411628
=700  1\$aMustapha, Monique,$eeditor.
=830  \0$aSources de la Casa de Velázquez ;$v1.
=852  41$aBritish Library$bHMNTS$jYF.2023.a.23917
=856  41$uhttp://digital.casalini.it/9788490962558
=CAT  \\$a10904$b40$c20210707$lBLL01$h0850
=CAT  \\$aFX001$c20230413$lBLL01$h1938
=CAT  \\$a15066$b40$c20231004$lBLL01$h1450
=FIN  \\$aY$d20231004
=FMT  \\$a  BK
=LAS  \\$a15066$b40$c20231004$lBLL01$h1450
=SID  \\$aZ39$bOCLC

