=LDR  03472cam a22005777i 4500
=001  020268844
=003  Uk
=005  20210813220836.0
=008  201208s2020\\\\sp\a\\\\\b\\\\000\0\spa\d
=020  \\$a9788491921745$q(Iberoamericana)
=020  \\$a8491921745$q(Iberoamericana)
=020  \\$a9783968690759$q(Vervuert)
=020  \\$a3968690753$q(Vervuert)
=035  \\$a(OCoLC)1226083179
=040  \\$aLGG$beng$cLGG$dLGG$dC3L$dOCLCF$dPL#$dUk$dGZM$dOCLCO$dNOC$dUIU$erda
=042  \\$aukblderived
=050  \4$aQ175.5$b.M45 2020
=082  14$a302$214
=100  1\$aMancera Rueda, Ana,$eauthor.
=245  13$aLa opinión pública en la red :$banálisis pragmático de la voz de los ciudadanos /$cAna Mancera Rueda, Ana Pano Alamán.
=264  \1$aMadrid :$bIberoamericana ;$aFrankfurt am Main :$bVervuert,$c2020.
=300  \\$a272 pages :$billustrations (some colour) ;$c23 cm.
=336  \\$atext$btxt$2rdacontent
=337  \\$aunmediated$bn$2rdamedia
=338  \\$avolume$bnc$2rdacarrier
=490  1\$aLengua y sociedad en el mundo hispánico ;$v46
=504  \\$aIncludes bibliography (pages 243-272).
=520  \\$aDesde hace varias décadas, la opinión pública se ha ido trasladando, en gran parte, desde los salones domésticos y los cafés a la red. El desarrollo de las tecnologías 2.0 ha dado lugar a una metamorfosis de la noción de "público" y ha hecho posible que, en el ciberespacio, el debate colectivo sea más abierto, participativo y distribuido respecto al que se produce en los medios tradicionales. Esta nueva esfera pública virtual, en la que surge y vive la opinión de las masas, ha transformado y enriquecido las maneras de relacionarse y movilizarse políticamente, pero también entraña peligros como la manipulación de la información y la extrema polarización de las ideas que se comparten en los entornos digitales.Desde la doble perspectiva del análisis del discurso y de la pragmática lingüística, este libro aborda, de manera divulgativa, el estudio de las distintas manifestaciones de la opinión pública en los nuevos entornos digitales. Se analizan textos de naturaleza muy diversa, con el fin de mostrar las estrategias discursivas y los recursos lingüísticos más utilizados por los ciudadanos para expresar sus puntos de vista y reivindicar sus propuestas en la red.
=650  \0$aScience$xPublic opinion.
=650  \0$aMass media and technology.
=650  \0$aTechnology$xSocial aspects.
=650  \0$aDigital media$xSocial aspects.
=650  \6$aSciences$xOpinion publique.
=650  \6$aMédias et technologie.
=650  \6$aMédias numériques$xAspect social.
=650  \7$aDigital media$xSocial aspects.$2fast$0(OCoLC)fst01766776
=650  \7$aMass media and technology.$2fast$0(OCoLC)fst01011370
=650  \7$aScience$xPublic opinion.$2fast$0(OCoLC)fst01108351
=650  \7$aTechnology$xSocial aspects.$2fast$0(OCoLC)fst01145202
=690  7\$aSocial Welfare$2blcoll
=700  1\$aPano Alamán, Ana,$eauthor.
=830  \0$aLengua y sociedad en el mundo hispánico ;$v46.
=852  41$aBritish Library$bHMNTS$jYF.2021.a.6605
=856  41$uhttp://digital.casalini.it/9783968690766
=CAT  \\$a11131$b40$c20210722$lBLL01$h0958
=CAT  \\$aBATCH-SWP$c20210813$lBLL01$h2208
=CAT  \\$aW2308-1659$c20230923$lBLL01$h0947
=FIN  \\$aY$d20210722
=FMT  \\$a  BK
=LAS  \\$aW2308-1659$b00$c20230923$lBLL01$h0947
=SID  \\$aZ39$bOCLC

