=LDR  03627 am a2200541 i 4500
=001  020268910
=003  Uk
=005  20210722111258.0
=008  201030t20202020sp\\\\\\\b\\\\000\0\spa\d
=020  \\$a9788491921578
=020  \\$a8491921575
=020  \\$z9783968690568 (Vervuert)
=020  \\$z9783968690575 (e-book)
=035  \\$a(OCoLC)1204268867
=040  \\$aC3L$beng$cC3L$dERASA$dC3L$dNGU$dUk$dOCLCO$dOHX$dOCLCF$erda
=042  \\$aukblderived
=043  \\$ae-po---$ae-sp---
=050  \4$aPQ6373$b.B53 2020
=082  14$a861$214
=100  1\$aBlašković, Marija,$eauthor.
=245  14$aLos potenciales polifónicos :$bla nobleza cortesana del Cantar de mio Cid /$cMarija Blašković.
=264  \1$aMadrid :$bIberoamericana ;$aFrankfurt am Main :$bVervuert,$c2020.
=264  \4$c©2020
=300  \\$a327 pages ;$c22 cm.
=336  \\$atext$btxt$2rdacontent
=337  \\$aunmediated$bn$2rdamedia
=338  \\$avolume$bnc$2rdacarrier
=490  1\$aMedievalia Hispánica ;$vvol. 29
=504  \\$aIncludes bibliographical references (pages [283]-327).
=520  8\$aEn este estudio se realiza una contextualización multifacética del Cantar de Mio Cid (Castilla, ca. 1200), interpretado como mundo posible. Partiendo de los conceptos socioconstructivistas y neohistoricistas, la obra se analiza en su contexto literario y se contemplan las implicaciones de sus resemantizaciones para el discurso memorístico. El contexto sociopolítico y sociocultural de la obra se estudia a través de las tendencias identificadas en la realeza y la nobleza durante el reinado de Alfonso VIII y Leonor Plantagenet. La inclusión del contexto discursivo europeo y sus diversas representaciones textuales permiten posicionar el Cantar tanto dentro de la materia cidiana como en relación con la literatura románica. Al analizar la atenta selectividad de los elementos cidianos y los impulsos coetáneos en la composición épica, se subrayan las particularidades del contexto peninsular, imprescindibles para una lectura diferenciada del Cantar de Mio Cid. Marija Blaškovićo btuvo su doctorado con calificación de sobresaliente en el Departamento de Románicas de la Universidad de Viena en 2018. Sus intereses de investigación y docencia incluyen la construcción y la representación real y nobiliaria en el Pleno Medioevo, particularmente la materia cidiana y el Cantar de Mio Cid. En la actualidad es investigadora postdoctoral en la Universidad de Viena. Ha publicado diversos artículos en revistas y volúmenes dedicados a la Edad Media, y en su próximo proyecto examina la historiografía (post-)alfonsí con especial atención a la materialidad y el género.
=530  \\$aAlso published electronically.
=600  00$aCid,$dapproximately 1043-1099$xRomances$xHistory and criticism.
=600  07$aCid,$dapproximately 1043-1099$2fast$0(OCoLC)fst01812582
=630  00$aCantar de mío Cid.
=630  07$aCantar de mío Cid.$2fast$0(OCoLC)fst01356875
=650  \0$aEpic poetry, Spanish$xHistory and criticism.
=650  \7$aEpic poetry, Spanish.$2fast$0(OCoLC)fst00914023
=650  \7$aRomances.$2fast$0(OCoLC)fst01099892
=655  \7$aCriticism, interpretation, etc.$2fast$0(OCoLC)fst01411635
=830  \0$aMedievalia Hispanica ;$vv. 32.
=852  41$aBritish Library$bHMNTS$jYF.2021.a.7218
=856  41$uhttp://digital.casalini.it/9783968690575
=CAT  \\$a11131$b40$c20210722$lBLL01$h1112
=CAT  \\$aBATCH-UPD$b40$c20210807$lBLL01$h1228
=FIN  \\$aY$d20210722
=FMT  \\$a  BK
=LAS  \\$aBATCH-UPD$b40$c20210807$lBLL01$h1228
=SID  \\$aZ39$bOCLC

