=LDR  02230 am a2200577 i 4500
=001  020268937
=003  Uk
=005  20210930095722.0
=008  200831s2020\\\\sp\a\\\\\b\\\\000\0\spa\d
=020  \\$a9788413401003
=020  \\$a8413401003
=035  \\$a(OCoLC)1193320369
=040  \\$aC3L$beng$cC3L$dZCU$dOCLCO$dOCLCF$dGUA$dOCLCO$dUIU$dUk$dC3L$dOCL$erda
=042  \\$aukblderived
=043  \\$ae-sp---
=050  \4$aDP203$b.D43 2020
=082  14$a320$214
=245  00$aDe relatos e imágenes nacionales :$blas derechas españolas (siglos XIX-XX) /$cMa. Cruz Romeo Mateo, Ma. Pilar Salomón y Nuria Tabanera (eds.).
=250  \\$a1a edición.
=264  \1$aZaragoza, España :$bPrensas de la Universidad de Zaragoza,$c2020.
=300  \\$a198 pages :$billustrations ;$c22 cm.
=336  \\$atext$btxt$2rdacontent
=337  \\$aunmediated$bn$2rdamedia
=338  \\$avolume$bnc$2rdacarrier
=490  1\$aEstudios
=500  \\$aCollected essays.
=504  \\$aIncludes bibliographical references.
=648  \7$a1800-1999$2fast
=650  \0$aNationalism$zSpain$xHistory$y19th century.
=650  \0$aNationalism$zSpain$xHistory$y20th century.
=650  \7$aIntellectual life.$2fast$0(OCoLC)fst00975769
=650  \7$aNationalism.$2fast$0(OCoLC)fst01033832
=650  \7$aPolitics and government.$2fast$0(OCoLC)fst01919741
=651  \0$aSpain$xPolitics and government$y19th century.
=651  \0$aSpain$xPolitics and government$y20th century.
=651  \0$aSpain$xIntellectual life$y19th century.
=651  \0$aSpain$xIntellectual life$y20th century.
=651  \7$aSpain.$2fast$0(OCoLC)fst01204303
=655  \7$aHistory.$2fast$0(OCoLC)fst01411628
=700  1\$aRomeo Mateo, María Cruz,$d1960-$eeditor.
=700  1\$aSalomón Chéliz, Ma. Pilar$q(María Pilar),$eeditor.
=700  1\$aTabanera, Nuria,$eeditor.
=830  \0$aEstudios (Prensas Universitarias de Zaragoza)
=852  41$aBritish Library$bHMNTS$jYF.2021.a.11491
=856  41$uhttp://digital.casalini.it/9788413401010
=CAT  \\$a6503$b40$c20210722$lBLL01$h1129
=CAT  \\$a11131$b40$c20210930$lBLL01$h0957
=FIN  \\$aY$d20210930
=FMT  \\$a  BK
=LAS  \\$a11131$b40$c20210930$lBLL01$h0957
=SID  \\$aZ39$bOCLC

