=LDR  02275cam a2200565 i 4500
=001  020270466
=003  Uk
=005  20210726123144.0
=008  201020s2020\\\\it\af\\\\b\\\\001\0\eng\d
=020  \\$z9788821010439$qpdf
=020  \\$a9788821010422
=020  \\$a8821010422
=035  \\$a(OCoLC)1201522777$z(OCoLC)1201522879
=040  \\$aC3L$beng$cC3L$dOCLCO$dC3L$dEQO$dOCLCO$dUk$dOCLCF$dISB$dPAU$erda
=042  \\$aukblderived
=043  \\$ae------$aaw-----$aff-----$ae-sp---
=050  \4$aBX800$b.A1 S78 v.538
=050  \4$aPA6648.P6$bP4737 2020
=082  14$a874$214
=100  1\$aPetruccione, John,$d1950-$eauthor.
=245  13$aAn early medieval paraphrastic gloss on the Peristephanon of Prudentius (Reg. Lat. 321) /$cJohn F. Petruccione.
=264  \1$aCittà del Vaticano :$bBiblioteca apostolica vaticana,$c2020.
=300  \\$a791 pages, 7 unnumbered pages of plates :$billustrations ;$c26 cm.
=336  \\$atext$btxt$2rdacontent
=337  \\$aunmediated$bn$2rdamedia
=338  \\$avolume$bnc$2rdacarrier
=490  1\$aStudi e testi ;$v538
=504  \\$aIncludes bibliographical references (pages 205-212) and indexes.
=600  00$aPrudentius,$d348-$tPeristephanon.
=630  07$aPeristephanon (Prudentius)$2fast$0(OCoLC)fst01367526
=648  \7$aTo 711$2fast
=650  \0$aChristian martyrs in literature.
=650  \0$aChristian poetry, Latin$xHistory and criticism.
=650  \0$aChristianity and literature$zRome.
=650  \7$aChristian martyrs in literature.$2fast$0(OCoLC)fst00859354
=650  \7$aChristian poetry, Latin.$2fast$0(OCoLC)fst00859448
=650  \7$aChristianity and literature.$2fast$0(OCoLC)fst00859681
=651  \0$aSpain$xHistory$yTo 711.
=651  \7$aRome (Empire)$2fast$0(OCoLC)fst01204885
=651  \7$aSpain.$2fast$0(OCoLC)fst01204303
=655  \7$aCriticism, interpretation, etc.$2fast$0(OCoLC)fst01411635
=655  \7$aHistory.$2fast$0(OCoLC)fst01411628
=830  \0$aStudi e testi (Biblioteca apostolica vaticana) ;$v538.
=852  41$aBritish Library$bHMNTS$j012211.b.1/538
=856  41$uhttp://digital.casalini.it/9788821010439
=CAT  \\$a11131$b40$c20210726$lBLL01$h1231
=FIN  \\$aY$d20210726
=FMT  \\$a  BK
=LAS  \\$a11131$b40$c20210726$lBLL01$h1231
=SID  \\$aZ39$bOCLC

