=LDR  02963cam a2200709 i 4500
=001  020275508
=003  Uk
=005  20231013222509.0
=008  210713s2021\\\\sp\a\\\\\b\\\\001\0\spa\d
=020  \\$a9788400107857$qpaperback
=020  \\$a8400107853$qpaperback
=020  \\$a9788400107864$qpdf
=020  \\$a8400107861
=035  \\$a(OCoLC)1260631240$z(OCoLC)1260632342
=040  \\$aC3L$beng$cC3L$dGZM$dC3L$dTEF$dOCLCF$dMZA$dOCLCO$dGZM$dOCLCQ$dOCLCO$dNDD$dOCLCO$erda
=042  \\$aukblcatcopy
=043  \\$as-ag---$ae-sp---
=050  \4$aJN
=050  \4$aF3021.S7$bG37 2021
=082  14$a306$214
=100  1\$aGarcía Martínez, Pablo,$eauthor.
=245  13$aUn largo puente de papel :$bcultura impresa y humanismo antifascista en el exilio de Luís Seoane (1936-1959) /$cPablo García Martínez.
=246  30$aCultura impresa y humanismo antifascista en el exilio de Luís Seoane :$b(1936-1959)
=264  \1$aMadrid :$bConsejo Superior de Investigaciones Científicas,$c2021.
=300  \\$a257 pages :$billustrations ;$c23 cm.
=336  \\$atext$btxt$2rdacontent
=337  \\$aunmediated$bn$2rdamedia
=338  \\$avolume$bnc$2rdacarrier
=490  1\$aColección Historia del arte. Serie Artes y artistas ;$v70
=504  \\$aIncludes bibliographical references (pages 235-253) and index.
=600  10$aSeoane, Luis.
=600  17$aSeoane, Luis$2fast
=647  \7$aSpanish Civil War$c(Spain :$d1936-1939)$0(OCoLC)fst01352321$2fast
=648  \7$a1900-1999$2fast
=650  \0$aPolitical refugees$zArgentina$xHistory$y20th century.
=650  \0$aJournalism$xPolitical aspects$zArgentina$xHistory$y20th century.
=650  \0$aAnti-fascist movements$xHistory$y20th century$xPress coverage$zArgentina.
=650  \6$aPresse$xAspect politique$zArgentine$xHistoire$y20e siècle.
=650  \6$aAntifascisme$xHistoire$y20e siècle$xCouverture de presse$zArgentine.
=650  \7$aJournalism$xPolitical aspects$2fast
=650  \7$aPolitical refugees$2fast
=650  \7$aRefugees$2fast
=651  \0$aSpain$xHistory$yCivil War, 1936-1939$xRefugees.
=651  \6$aEspagne$xHistoire$y1936-1939 (Guerre civile)$xRéfugiés.
=651  \7$aArgentina$2fast
=651  \7$aSpain$2fast
=655  \7$aHistory$2fast
=690  7\$aSocial Welfare$2blcoll
=830  \0$aColección Historia del arte (Consejo Superior de Investigaciones Científicas (Spain))
=830  \0$aArtes y artistas ;$v70.
=852  41$aBritish Library$bHMNTS$jW.P.10887
=856  41$uhttp://digital.casalini.it/9788400107864
=856  41$uhttp://digital.casalini.it/9788400107864
=CAT  \\$a8197$b40$c20210729$lBLL01$h1329
=CAT  \\$aBATCH-UPD$b40$c20210729$lBLL01$h1330
=CAT  \\$aW2308-1659$c20230923$lBLL01$h0947
=CAT  \\$a15066$b40$c20231010$lBLL01$h0810
=CAT  \\$aBATCH-SWP$c20231013$lBLL01$h2225
=FIN  \\$aY$d20231010
=FMT  \\$a  BK
=LAS  \\$aBATCH-SWP$b00$c20231013$lBLL01$h2225
=SID  \\$aZ39$bOCLC

