=LDR  01920cam a2200529 i 4500
=001  020288960
=003  Uk
=005  20230602113426.0
=008  210714s2021\\\\it\\\\\\\b\\\\001\0\ita\d
=010  \\$a  2021438047
=020  \\$a9788822267641
=020  \\$a8822267648
=035  \\$a(OCoLC)1261732581
=040  \\$aC3L$beng$cC3L$dZCU$dOCLCO$dC3L$dOCLCF$dGUA$dOCLCO$dOCLCQ$dOCLCO$dDLC$erda
=042  \\$aukblcatcopy
=043  \\$ae-it---
=050  \4$aPQ4863.O48$bZ87 2021
=082  14$a853$214
=100  1\$aStazzone, Dario,$eauthor.
=245  10$aAl di qua del faro :$bConsolo, il viaggio, l'odeporica /$cDario Stazzone.
=264  \1$aFirenze :$bLeo S. Olschki,$c2021.
=300  \\$axvii, 111 pages ;$c24 cm
=336  \\$atext$btxt$2rdacontent
=337  \\$aunmediated$bn$2rdamedia
=338  \\$avolume$bnc$2rdacarrier
=490  1\$aPolinnia ;$v32
=500  \\$aVincenzo Consolo (1933-2012).
=504  \\$aIncludes bibliographical references and index.
=600  10$aConsolo, Vincenzo,$d1933-2012$xCriticism and interpretation.
=600  17$aConsolo, Vincenzo,$d1933-2012$2fast$0(OCoLC)fst01797839
=650  \0$aTravel in literature.
=650  \6$aVoyage dans la littérature.
=650  \7$aLiterature.$2fast$0(OCoLC)fst00999953
=650  \7$aTravel in literature.$2fast$0(OCoLC)fst01155640
=651  \0$aSicily (Italy)$xIn literature.
=651  \7$aItaly$zSicily.$2fast$0(OCoLC)fst01204499
=655  \7$aCriticism, interpretation, etc.$2fast$0(OCoLC)fst01411635
=830  \0$aPolinnia (Leo S. Olschki (Firm)) ;$v32.
=852  41$aBritish Library$bHMNTS$jYF.2023.a.12613
=856  41$uhttp://digital.casalini.it/9788822284594
=CAT  \\$a8197$b40$c20210810$lBLL01$h1328
=CAT  \\$aBATCH-UPD$b40$c20210810$lBLL01$h1329
=CAT  \\$a15066$b40$c20230602$lBLL01$h1134
=FIN  \\$aY$d20230602
=FMT  \\$a  BK
=LAS  \\$a15066$b40$c20230602$lBLL01$h1134
=SID  \\$aZ39$bOCLC

