=LDR  02442cam a2200601 i 4500
=001  020339096
=003  Uk
=005  20230831085229.0
=008  201223s2020\\\\it\a\\\\\b\\\\000\0\ita\d
=020  \\$a9788897826859
=020  \\$a8897826857
=035  \\$a(OCoLC)1230252952
=040  \\$aC3L$beng$cC3L$dHTV$dOCLCO$dC3L$dZCU$dOCLCO$dOCLCF$dIND$dOCLCO$dIND$dUk
=041  0\$aita$aeng
=042  \\$aukblderived
=050  \4$aDG737.26$b.F57 2020
=082  14$a945$214
=245  03$aLa Firenze dell'Età di Dante negli atti di un notaio :$bSer Matteo di Biliotto, 1294 -1314 /$ca cura di Andrea Barlucchi, Franco Franceschi, Franek Sznura.
=260  \\$aFirenze :$bAssociazione di studi storici Elio Conti :$bEditpress,$c2020.
=300  \\$a337 pages :$billustrations ;$c24 cm.
=336  \\$atext$btxt$2rdacontent
=337  \\$aunmediated$bn$2rdamedia
=338  \\$avolume$bnc$2rdacarrier
=490  1\$aStudi e fonti di storia toscana ;$v6
=500  \\$aSelected papers presented at a conference held at the Medici Archive Project, Florence, Italy, June 17, 2017, and other essays.
=504  \\$aIncludes bibliographical references.
=546  \\$aTexts in Italian with one text in English.
=600  10$aDi Biliotto, Matteo,$dactive 13th-14th century.
=648  \7$aTo 1500$2fast
=650  \0$aNotaries$zItaly$zFlorence$xHistory$yTo 1500.
=650  \7$aEconomic history.$2fast$0(OCoLC)fst00901974
=650  \7$aNotaries.$2fast$0(OCoLC)fst01039553
=651  \0$aFlorence (Italy)$xHistory$yTo 1421.
=651  \0$aFlorence (Italy)$xEconomic conditions.
=651  \0$aFlorence (Italy)$xHistory$yTo 1421$xSources.
=651  \7$aItaly$zFlorence.$2fast$0(OCoLC)fst01204699
=655  \7$aHistory.$2fast$0(OCoLC)fst01411628
=655  \7$aSources.$2fast$0(OCoLC)fst01423900
=700  1\$aBarlucchi, Andrea,$eeditor.
=700  1\$aFranceschi, Franco,$eeditor.
=700  1\$aSznura, Franek,$d1947-$eeditor.
=830  \0$aStudi e fonti di storia toscana ;$v6.
=852  41$aBritish Library$bHMNTS$jYF.2023.a.20877
=856  41$uhttp://digital.casalini.it/9788894231960
=985  \\$aAwaiting full record
=CAT  \\$aCASALINI$b00$c20210927$lBLL01$h2020
=CAT  \\$aBATCH-UPD$b00$c20210927$lBLL01$h2020
=CAT  \\$a11002$b40$c20211029$lBLL01$h1139
=CAT  \\$a10999$b40$c20230831$lBLL01$h0852
=FIN  \\$aY$d20211029
=FMT  \\$a  BK
=LAS  \\$a10999$b40$c20230831$lBLL01$h0852
=SID  \\$aZ39$bOCLC

