=LDR  01595cam a2200469 i 4500
=001  020352668
=003  Uk
=005  20220413150754.0
=008  190430s2017\\\\sp\\\\\\\b\\\|0|0\0|eng\d
=020  \\$a9788417066246$qpaperback
=020  \\$z9788417066253$qpdf
=020  \\$z9788417066253$qepub
=020  \\$a841706625X
=035  \\$a(OCoLC)1100350046
=040  \\$aC3L$beng$cC3L$dOCLCQ$dUk$erda
=041  1\$aeng$hlat
=050  \4$aBV
=082  14$a240$214
=100  1\$aArias Montano, Benito,$d1527-1598,$eauthor.
=240  10$aDictatum christianum.$lEnglish
=245  14$aThe practical rule of christian piety /$cBenito Arias Montano ; Archibald Lovell, translation ; Cinta Zunino-Garrido, critical edition and introduction.
=264  \1$a[Huelva] :$bUniversidad de Huelva,$c2017.
=300  \\$a195 pages ;$c24 cm.
=336  \\$atext$btxt$2rdacontent
=337  \\$aunmediated$2rdamedia
=338  \\$avolume$2rdacarrier
=490  0\$aBiblioteca montaniana ;$v36
=500  \\$aTranslated from Latin.
=504  \\$aIncludes bibliographical references.
=610  20$aCatholic Church$xDoctrines.
=650  \0$aPiety.
=650  \0$aChristian ethics$xCatholic authors.
=700  1\$aLovell, Archibald,$etranslator.
=700  1\$aZunino-Garrido, Cinta,$eeditor.
=852  41$aBritish Library$bHMNTS$jYD.2022.a.963
=856  42$uhttp://digital.casalini.it/9788417066253
=CAT  \\$a6503$b40$c20211006$lBLL01$h1441
=CAT  \\$a11014$b40$c20220413$lBLL01$h1507
=FIN  \\$aY$d20220413
=FMT  \\$a  BK
=LAS  \\$a11014$b40$c20220413$lBLL01$h1507
=SID  \\$aZ39$bOCLC

