=LDR  02197cam a2200529 i 4500
=001  020355572
=003  Uk
=005  20230227132558.0
=008  210203s2020\\\\it\af\\\\b\\\\001\0\ita\d
=020  \\$a9788893594684$q(paperback)
=020  \\$a8893594684$q(paperback)
=020  \\$z9788893594691$q(ebook)
=035  \\$a(OCoLC)1236855008$z(OCoLC)1268476803
=040  \\$aC3L$beng$cC3L$dOCLCO$dC3L$dZCU$dOCLCO$dCHSBT$dOCLCO$dUBY$dOCLCF$dOCLCO$dPAU$erda
=042  \\$aukblderived
=050  \4$aPQ4815.A65$bO27 2020
=082  14$a853$214
=100  1\$aFallacara, Luigi,$d1890-1963,$eauthor.
=245  12$aL'occhio simile al sole :$bromanzo inedito con dossier genetico /$cLuigi Fallacara ; a cura di Francesca Riva.
=246  30$aRomanzo inedito con dossier genetico
=250  \\$aPrima edizione.
=264  \1$aRoma :$bEdizioni di storia e letteratura,$c2020.
=300  \\$acliv, 260 pages, xii pages of plates :$bcolor illustrations ;$c24 cm.
=336  \\$atext$2rdacontent
=336  \\$astill image$2rdacontent
=337  \\$aunmediated$2rdamedia
=338  \\$avolume$2rdacarrier
=490  1\$aCollana dell'Archivio della letteratura cattolica e degli scrittori in ricerca ;$v13
=504  \\$aIncludes bibliographical references and index.
=600  10$aFallacara, Luigi,$d1890-1963.$tOcchio simile al sole.
=600  00$aPlotinus$xInfluence.
=600  00$aPlotinus.$tEnneads.
=600  07$aPlotinus$2fast$0(OCoLC)fst00049787
=630  07$aEnneads (Plotinus)$2fast$0(OCoLC)fst01358526
=650  \7$aInfluence (Literary, artistic, etc.)$2fast$0(OCoLC)fst00972484
=655  \7$aFiction.$2fast$0http://id.worldcat.org/fast/1423787
=655  \7$aFiction.$2lcgft$0http://id.loc.gov/authorities/genreForms/gf2014026339
=700  1\$aRiva, Francesca,$eeditor.
=830  \0$aCollana dell'Archivio della letteratura cattolica ;$v13.
=852  41$aBritish Library$bHMNTS$jYF.2023.a.13636
=856  41$uhttp://digital.casalini.it/9788893594691
=CAT  \\$aBATCH-WEL$b00$c20230227$lBLL01$h1325
=CAT  \\$aBATCH-UPD$b00$c20230227$lBLL01$h1330
=FIN  \\$aY$d20230227
=FMT  \\$a  BK
=LAS  \\$aBATCH-UPD$b00$c20230227$lBLL01$h1330
=SRC  \\$aOCLC$bOCLChits2301.lex

