=LDR  02154cam a2200517 i 4500
=001  020368912
=003  Uk
=005  20211116104029.0
=008  210709t20212021it\a\\\\\b\\\\001\0dmul\d
=020  \\$a9788891322074$qhardcover
=020  \\$a8891322075$qhardcover
=035  \\$a(OCoLC)1259517466
=040  \\$aNARDE$beng$cNARDE$dC3L$dYDX$dSTF$dYDX$dOCLCF$dUk$erda
=041  0\$aeng$aita
=042  \\$aukblderived
=050  \4$aPQ4390$b.B88 2021
=082  04$a851/.1$223
=082  14$a736
=100  1\$aButini, Enrico,$d1940-$eauthor.
=245  10$aDante :$ble gemme nella Divina Commedia : considerazioni gemmologiche = Dante: gems in the Divine Comedy = gemmological considerations /$cEnrico Butini, Flavio Butini.
=264  \1$aRoma :$bL'Erma di Bretschneider,$c[2021]
=264  \4$c©2021
=300  \\$a80 pages :$billustrations (some color) ;$c26 cm
=336  \\$atext$btxt$2rdacontent
=337  \\$aunmediated$bn$2rdamedia
=338  \\$avolume$bnc$2rdacarrier
=500  \\$a"Omaggio a Dante nel settecentesimo anniversario della sua morte a cura dell'Istituto Gemmologico Nazionale = A tribute to Dante on the 700th anniversary of his death by the National Gemmological Institute".
=504  \\$aIncludes bibliographical references and index.
=546  \\$aParallel text in English and Italian.
=600  00$aDante Alighieri,$d1265-1321.$tDivina commedia.
=630  07$aDivina commedia (Dante Alighieri)$2fast$0(OCoLC)fst01356246
=650  \0$aPrecious stones in literature.
=650  \0$aGems in literature.
=650  \7$aGems in literature.$2fast$0(OCoLC)fst00939574
=650  \7$aPrecious stones in literature.$2fast$0(OCoLC)fst02004083
=653  1\$aCarving & carvings$aItalian, Romanian, Rhaeto-Romanic
=700  1\$aButini, Flavio,$eauthor.
=852  41$aBritish Library$bHMNTS$jYF.2021.b.1140
=856  41$uhttp://digital.casalini.it/9788891322098
=CAT  \\$aCASALINI$b00$c20211025$lBLL01$h2020
=CAT  \\$aBATCH-UPD$b00$c20211025$lBLL01$h2020
=CAT  \\$a11131$b40$c20211116$lBLL01$h1040
=FIN  \\$aY$d20211116
=FMT  \\$a  BK
=LAS  \\$a11131$b40$c20211116$lBLL01$h1040
=SID  \\$aZ39$bOCLC

