=LDR  01550cam a22004457i 4500
=001  020368915
=003  Uk
=005  20211124133350.0
=008  210709s2021\\\\it\af\\\\b\\\\001\0dita\c
=020  \\$a9788822267429
=020  \\$a8822267427
=035  \\$a(OCoLC)1259517334
=040  \\$aNARDE$beng$cNARDE$dC3L$dZCU$dOCLCO$dOCLCF$dNDD$dUk$erda
=042  \\$aukblderived
=043  \\$ae-it---
=050  \4$aDG442$b.P344 2021
=082  14$a945
=245  00$aPaggi e paggerie nelle corti italiane :$beducare all'arte del comando /$ca cura di Andrea Merlotti.
=264  \1$aFirenze :$bLeo S. Olschki,$c2021.
=300  \\$axix, 300 pages, 24 unnumbered pages of plates :$billustrations ;$c24 cm.
=336  \\$atext$2rdacontent
=337  \\$aunmediated$2rdamedia
=338  \\$avolume$2rdacarrier
=490  1\$aLa civiltà delle corti. Centro studi delle residenze reali sabaude ;$vIV
=504  \\$aIncludes indexes.
=650  \0$aNobility$zItaly$xHistory.
=650  \0$aEducation$zItaly$xHistory.
=650  \0$aLeadership$zItaly.
=651  \0$aItaly$xCourt and courtiers$xHistory.
=700  1\$aMerlotti, Andrea,$eeditor.
=830  \0$aCiviltà delle corti ;$v4.
=852  41$aBritish Library$bHMNTS$jYF.2021.a.16104
=856  41$uhttp://digital.casalini.it/9788822284570
=CAT  \\$aCASALINI$b00$c20211025$lBLL01$h2020
=CAT  \\$aBATCH-UPD$b00$c20211025$lBLL01$h2020
=CAT  \\$a11131$b40$c20211124$lBLL01$h1333
=FIN  \\$aY$d20211124
=FMT  \\$a  BK
=LAS  \\$a11131$b40$c20211124$lBLL01$h1333
=SID  \\$aZ39$bOCLC

