=LDR  02977cam a2200565 i 4500
=001  020369176
=003  Uk
=005  20230227132603.0
=008  210920s2021\\\\sp\a\\\\\b\\\\000\0\spa\\
=010  \\$a2021418647  
=020  \\$a9788413776323
=020  \\$a8413776325
=035  \\$a(OCoLC)1268473755
=040  \\$aDLC$beng$cDLC$dTEF$dGUA$dC3L$dOCLCF$dOCLCO$dOCLCQ$dOCLCO$dCUV$erda
=042  \\$aukblderived
=043  \\$ae-sp---
=050  00$aDP171$b.A38 2021
=082  14$a321$214
=245  03$aEl advenimiento de la Casa de Austria a los reinos hispánicos /$cEmilio Callado Estela (editor).
=264  \1$aMadrid :$bDykinson,$c[2021]
=300  \\$a418 pages :$billustrations ;$c24 cm
=336  \\$atext$2rdacontent
=337  \\$aunmediated$2rdamedia
=338  \\$avolume$2rdacarrier
=504  \\$aIncludes bibliographical references.
=520  \\$a"La Cátedra Casa de Austria, junto a la Universidad CEU Cardenal Herrera, el Instituto CEU de Humanidades Ángel Ayala y la Fundación Cultural Ángel Herrera Oria, edita el presente libro El advenimiento de la Casa de Austria a los Reinos Hispánicos coincidiendo con el reciente Vº Centenario de la coronación de Carlos I de Habsburgo como Rey de Romanos (1520-2020). La obra, de carácter multidisciplinar, reúne a relevantes especialistas en la materia que desde diferentes perspectivas temáticas -articuladas en cuatro bloques, a saber, Pensamiento, Iglesia y reforma, Renacimiento: arte y cultura y Política y cortes- y regionales -si bien con especial atención al ámbito valenciano- se ocupan de algunos de los principales protagonistas y problemas que marcaron una de las etapas sin duda más decisivas de España y Europa durante la Época Moderna."--$cCasa del Libro.
=600  30$aHabsburg, House of.
=600  36$aMaison de Habsbourg.
=600  37$aHabsburgo, Casa de$2embne
=600  37$aHabsburg, House of.$2fast$0(OCoLC)fst00214002
=648  \7$a1500-1700$2fast
=650  \0$aChurch and state$zSpain$xHistory$y16th century.
=650  \7$aIglesia y Estado$zEspaña$xHistoria$yS.XVI$2embne
=650  \7$aChurch and state.$2fast$0(OCoLC)fst00860509
=650  \7$aDiplomatic relations.$2fast$0(OCoLC)fst01907412
=650  \7$aPolitics and government.$2fast$0(OCoLC)fst01919741
=651  \0$aSpain$xHistory$yHouse of Austria, 1516-1700.
=651  \6$aEspagne$xHistoire$y1516-1700 (Maison d'Autriche)
=651  \7$aEspaña$xHistoria$y1516-1700$2embne
=651  \7$aSpain.$2fast$0(OCoLC)fst01204303
=655  \7$aHistory.$2fast$0(OCoLC)fst01411628
=700  1\$aCallado Estela, Emilio,$d1973-$eeditor.
=852  41$aBritish Library$bHMNTS$jYF.2023.a.13831
=856  41$uhttp://digital.casalini.it/9788413776934
=CAT  \\$aBATCH-WEL$b00$c20230227$lBLL01$h1325
=CAT  \\$aBATCH-UPD$b00$c20230227$lBLL01$h1334
=FIN  \\$aY$d20230227
=FMT  \\$a  BK
=LAS  \\$aBATCH-UPD$b00$c20230227$lBLL01$h1334
=SRC  \\$aOCLC$bOCLChits2301.lex

