=LDR  01670cam a22004697i 4500
=001  020369218
=003  Uk
=005  20211112221856.0
=008  210706s2021\\\\sp\a\\\\\b\\\\000\0\spa\d
=020  \\$a9788491921677$q(Iberoamericana)
=020  \\$a9783968691053$q(Vervuert)
=020  \\$a3968691059$q(Vervuert)
=020  \\$a8491921672
=035  \\$a(OCoLC)1259682140
=040  \\$aC3L$beng$cC3L$dC3L$dCGU$dUk$erda
=042  \\$aukblcatcopy
=043  \\$ae-po---$aa-cc---$ae-sp---
=050  \4$aDP358.3.C4$bW354 2021
=082  14$a305$214
=100  1\$aWang, Longxing.
=245  13$aLa construcción de identidad desde otra orilla :$blos medios, las culturas y los migrantes chinos /$cLongxing Wang.
=264  \1$aMadrid :$bIberoamericana,$c2021.
=300  \\$a341 pages :$billustrations ;$c23 cm.
=336  \\$atext$2rdacontent
=337  \\$aunmediated$2rdamedia
=338  \\$avolume$2rdacarrier
=490  1\$aLa casa de la riqueza. Estudios de cultura de España ;$v57
=504  \\$aIncludes bibliographical references.
=650  \0$aChinese$xPress coverage$zSpain$zMadrid.
=650  \0$aImmigrants$zSpain$zMadrid.
=690  7\$aSocial Welfare$2blcoll
=830  \0$aCasa de la riqueza.$pEstudios de cultura de España ;$v57.
=852  41$aBritish Library$bHMNTS$jYF.2021.a.13496
=856  41$uhttp://digital.casalini.it/9783968691060
=CAT  \\$a8197$b40$c20211026$lBLL01$h1218
=CAT  \\$a8197$b40$c20211026$lBLL01$h1221
=CAT  \\$aBATCH-SWP$c20211112$lBLL01$h2218
=CAT  \\$aW2308-1659$c20230923$lBLL01$h0949
=FIN  \\$aY$d20211026
=FMT  \\$a  BK
=LAS  \\$aW2308-1659$b00$c20230923$lBLL01$h0949
=SID  \\$aZ39$bOCLC

