=LDR  02020cam a2200517 i 4500
=001  020369275
=003  Uk
=005  20230227132604.0
=008  211015s2021\\\\sp\a\\\\\b\\\\000\0\spa\\
=010  \\$a2021418889  
=020  \\$a9788498956429
=020  \\$a8498956420
=035  \\$a(OCoLC)1284805702
=040  \\$aDLC$beng$cDLC$dC3L$dOCLCF$dALM$dOCLCO$dDGU$erda
=042  \\$aukblderived
=050  00$aPC4301$b.H57 2021
=082  14$a465$214
=245  00$aHistoriografía y gramatización de los pretéritos perfectos, simple y compuesto en las tradiciones hispánicas /$cJosé J. Gómez Asencio, Carmen Quijada van den Berghe (dirs.).
=264  \1$aMadrid :$bVisor Libros,$c[2021]
=300  \\$a380 pages :$billustrations ;$c21 cm.
=336  \\$atext$2rdacontent
=337  \\$aunmediated$2rdamedia
=338  \\$avolume$2rdacarrier
=490  1\$aVisor lingüística ;$v28
=504  \\$aIncludes bibliographical references.
=650  \0$aSpanish language$xTense.
=650  \0$aSpanish language$xVerb.
=650  \0$aSpanish language$xGrammar, Historical.
=650  \6$aEspagnol (Langue)$xTemps.
=650  \6$aEspagnol (Langue)$xGrammaire historique.
=650  \7$aSpanish language$xGrammar, Historical.$2fast$0(OCoLC)fst01128406
=650  \7$aSpanish language$xStudy and teaching.$2fast$0(OCoLC)fst01128494
=650  \7$aSpanish language$xTense.$2fast$0(OCoLC)fst01128535
=650  \7$aSpanish language$xVerb.$2fast$0(OCoLC)fst01128551
=655  \7$aHistory.$2fast$0(OCoLC)fst01411628
=700  1\$aGómez Asencio, José Jesús,$eeditor.
=700  1\$aQuijada van den Berghe, Carmen,$eeditor.
=830  \0$aVisor lingüística ;$v28.
=852  41$aBritish Library$bHMNTS$jYF.2023.a.13703
=856  41$uhttp://digital.casalini.it/9788498956429
=CAT  \\$aBATCH-WEL$b00$c20230227$lBLL01$h1325
=CAT  \\$aBATCH-UPD$b00$c20230227$lBLL01$h1334
=FIN  \\$aY$d20230227
=FMT  \\$a  BK
=LAS  \\$aBATCH-UPD$b00$c20230227$lBLL01$h1334
=SRC  \\$aOCLC$bOCLChits2301.lex

