=LDR  04955cam a2200709 i 4500
=001  020369279
=003  Uk
=005  20230227132603.0
=008  210920t20212021sp\ag\\\\b\\\\000\0\spa\c
=020  \\$a9788466936965
=020  \\$a8466936963
=035  \\$a(OCoLC)1269239402
=040  \\$aC3L$beng$cC3L$dGUA$dC3L$dOCLCF$dIUL$dOCLCO$dNOC$dCUV$erda
=042  \\$aukblderived
=043  \\$ae-sp---
=050  \4$aDP233.5$b.D47 2021
=082  14$a791$214
=245  00$aDetrás de la imagen :$bcine, canción y baile en España (1931-1959) /$cInmaculada Matía Polo y Elena Torres Clemente (eds.).
=250  \\$aPrimera edición.
=264  \1$aMadrid :$bEdiciones Complutense,$c2021.
=264  \4$c©2021
=300  \\$a248 pages :$billustrations (some color), music ;$c24 cm
=336  \\$atext$2rdacontent
=337  \\$aunmediated$2rdamedia
=338  \\$avolume$2rdacarrier
=490  1\$aSerie investigación ;$v46
=504  \\$aIncludes bibliographical references.
=505  0\$aTeatro, humor y música (de la copla al swing) o el paradigma del cine español republicano / Celsa Alonso -- Kropotkin visita Hollywood: una nota cinematográfica a pie de página en Nosotros somos así / Luis Robledo Estaire -- La música del cine documental franquista en la guerra civil española / Lidia López Gómez -- Cupletistas en el paso del cine mudo al sonoro / Maruxa Baliñas -- "Ingenua" en el cine y empresaria en el teatro: Josita Hernán y su compañía teatral en la posguerra española / Alba Gómez García -- La danza en Sevilla durante la guerra civil española: recorrido a través de la prensa: ámbito cinematográfico / Pilar Pérez Calvete y África Calvo Lluch -- Bailar por decreto: Vicente Escudero y participación en la película Goyescas / Inmaculada Matía Polo -- Renovarse o morir: la revista Ritmo tras el giro editorial de 1947: escribiendo sobre Cine y música / Alberto Caparrós -- Los estudios de escena: nuevas perspectivas desde los archivos personales / Paz Fernández Fernández-Cuesta -- De los escenarios de la ópera flamenca al glamour de la gran pantalla: estética y relevancia de lo(s) flamenco(s) en las películas de Angelillo, Carmen Amaya e Imperio Argentina en la República (1934-1936) / María Isabel Díez Torres -- Representación del (pseudo)folclore, estereotipos sociales y convenciones de género en Alma canaria (1945) de José Fernández Hernández / Nidia González Vargas y Pompeyo Pérez Díaz -- Robert Gerhard: música cinematográfica y espejo en el exilio / Catalina Vesga Naranjo -- "Artística" copla versus "ínfimo" cuplé: una batalla cinematográfica / Enrique Encabo.
=520  \\$a"El presente volumen profundiza en las relaciones que han existido entre el cine y la industria de la escena entendida en su más amplia semanticidad durante la Edad de Plata, la Guerra Civil y la postguerra española. Dichas conexiones se plasmaron en diferentes productos de creación, que nos ofrecen un imaginario de representación de la identidad nacional enormemente poliédrico y cambiante."--$cAmazon.
=647  \7$aSpanish Civil War$c(Spain :$d1936-1939)$0(OCoLC)fst01352321$2fast
=648  \7$a1900-1999$2fast
=650  \0$aPopular culture$zSpain$xHistory$y20th century.
=650  \0$aNationalism and art$zSpain$xHistory$y20th century.
=650  \0$aMotion pictures$zSpain$xHistory$y20th century.
=650  \0$aTheater$zSpain$xHistory$y20th century.
=650  \6$aCulture populaire$zEspagne$xHistoire$y20e siècle.
=650  \6$aNationalisme et art$zEspagne$xHistoire$y20e siècle.
=650  \6$aCinéma$zEspagne$xHistoire$y20e siècle.
=650  \6$aThéâtre$zEspagne$xHistoire$y20e siècle.
=650  \7$aNacionalismo y arte$zEspaña$xHistoria$yS.XX$2embne
=650  \7$aCine$zEspaña$xHistoria$yS.XX$2embne
=650  \7$aTeatro$zEspaña$xHistoria$yS.XX$2embne
=650  \7$aMotion pictures.$2fast$0(OCoLC)fst01027285
=650  \7$aNationalism and art.$2fast$0(OCoLC)fst01033874
=650  \7$aPopular culture.$2fast$0(OCoLC)fst01071344
=650  \7$aTheater.$2fast$0(OCoLC)fst01149217
=651  \0$aSpain$xHistory$yCivil War, 1936-1939$xArt and the war.
=651  \7$aEspaña$xHistoria Sy 1936-1939 (Guerra civil)$2embne
=651  \7$aSpain.$2fast$0(OCoLC)fst01204303
=655  \7$aArt.$2fast$0(OCoLC)fst01423702
=655  \7$aHistory.$2fast$0(OCoLC)fst01411628
=700  1\$aMatía Polo, Inmaculada,$eeditor.
=700  1\$aTorres Clemente, Elena,$eeditor.
=830  \0$aSerie investigación (Ediciones Complutense) ;$v46.
=852  41$aBritish Library$bHMNTS$jYF.2023.a.13746
=856  41$uhttp://digital.casalini.it/9788466936972
=CAT  \\$aBATCH-WEL$b00$c20230227$lBLL01$h1325
=CAT  \\$aBATCH-UPD$b00$c20230227$lBLL01$h1334
=FIN  \\$aY$d20230227
=FMT  \\$a  BK
=LAS  \\$aBATCH-UPD$b00$c20230227$lBLL01$h1334
=SRC  \\$aOCLC$bOCLChits2301.lex

