=LDR  02106cam a2200469 i 4500
=001  020369300
=003  Uk
=005  20230227132604.0
=008  211018s2021\\\\sp\\\\\\\b\\\\000\0\spa\\
=010  \\$a2021418861  
=020  \\$a9788498952520
=020  \\$a8498952522
=035  \\$a(OCoLC)1277194472
=040  \\$aDLC$beng$cDLC$dRBMDS$dIND$dOCLCF$dC3L$dCUY$dGZM$dOCLCO$dPIT$erda
=042  \\$aukblderived
=050  00$aPQ7797.C7145$bZ6833 2021
=082  14$a861$214
=100  1\$aGarcía Cerdán, Andrés,$d1972-$eauthor.
=245  13$aEl árbol del lenguaje :$bsobre la poesía de Julio Cortázar /$cAndrés García Cerdán.
=264  \1$aMadrid :$bVisor Libros,$c[2021]
=300  \\$a270 pages ;$c21 cm.
=336  \\$atext$2rdacontent
=337  \\$aunmediated$2rdamedia
=338  \\$avolume$2rdacarrier
=490  1\$aBiblioteca filológica hispána ;$v252
=504  \\$aIncludes bibliographical references (pages 263-270).
=505  0\$aLas oportunidades de la distracción -- El árbol del lenguaje -- Amando una realidad total -- Un orden solar -- Los días y los días y los días -- Mitopoiesis y conocimiento -- Contra los burócratas del espíritu -- Misterios órficos -- Baudelaire-Mallarmé-Rimbaud -- Cortázar surreal -- Cortázar y el compromiso del intellectual -- Post-Cortázar -- Fin de juego.
=600  10$aCortázar, Julio$xCriticism and interpretation.
=600  17$aCortázar, Julio$2fast$0(OCoLC)fst00033471
=648  \7$a1900-1999$2fast
=650  \0$aArgentine poetry$y20th century$xHistory and criticism.
=650  \7$aPoets, Argentine.$2fast$0(OCoLC)fst01067818
=655  \7$aCriticism, interpretation, etc.$2fast$0(OCoLC)fst01411635
=830  \0$aBiblioteca filológica hispana ;$v252.
=852  41$aBritish Library$bHMNTS$jYF.2023.a.14470
=856  41$uhttp://digital.casalini.it/9788498952520
=CAT  \\$aBATCH-WEL$b00$c20230227$lBLL01$h1325
=CAT  \\$aBATCH-UPD$b00$c20230227$lBLL01$h1334
=FIN  \\$aY$d20230227
=FMT  \\$a  BK
=LAS  \\$aBATCH-UPD$b00$c20230227$lBLL01$h1334
=SRC  \\$aOCLC$bOCLChits2301.lex

