=LDR  01872cam a2200481 i 4500
=001  020371825
=003  Uk
=005  20230227132604.0
=008  211006s2021\\\\sp\a\\\\\b\\\\000\0\spa\d
=020  \\$a9788498952537
=020  \\$a8498952530
=035  \\$a(OCoLC)1286685336$z(OCoLC)1289505543
=040  \\$aZCU$beng$cZCU$dC3L$dOCLCF$dOCLCO$dNOC$dOCLCO$dEEM$erda
=042  \\$aukblderived
=043  \\$ae-sp---
=050  \4$aPQ7001.A6$bA844 2021
=082  14$a398$214
=100  1\$aAtero, Virtudes,$eauthor.
=245  10$aSino a quien conmigo va :$bestudios de Romancero y tradición oral /$cVirtudes Atero Burgos.
=264  \1$aMadrid :$bVisor Libros,$c[2021]
=300  \\$a476 pages :$billustrations ;$c21 cm
=336  \\$atext$2rdacontent
=337  \\$aunmediated$2rdamedia
=338  \\$avolume$2rdacarrier
=490  1\$aBiblioteca filológica hispana ;$v253
=504  \\$aIncludes bibliographical references.
=650  \0$aRomances, Spanish$zSpain$zAndalusia$xHistory and criticism.
=650  \0$aSpanish poetry$zSpain$zAndalusia$xHistory and criticism.
=650  \6$aRomanceros$zEspagne$zAndalousie$xHistoire et critique.
=650  \6$aPoésie espagnole$zEspagne$zAndalousie$xHistoire et critique.
=650  \7$aRomances, Spanish.$2fast$0(OCoLC)fst01099936
=650  \7$aSpanish poetry.$2fast$0(OCoLC)fst01128654
=651  \7$aSpain$zAndalusia.$2fast$0(OCoLC)fst01217626
=655  \7$aCriticism, interpretation, etc.$2fast$0(OCoLC)fst01411635
=830  \0$aBiblioteca filológica hispana ;$v253.
=852  41$aBritish Library$bHMNTS$jYF.2023.a.15428
=856  41$uhttp://digital.casalini.it/9788498952537
=CAT  \\$aBATCH-WEL$b00$c20230227$lBLL01$h1325
=CAT  \\$aBATCH-UPD$b00$c20230227$lBLL01$h1334
=FIN  \\$aY$d20230227
=FMT  \\$a  BK
=LAS  \\$aBATCH-UPD$b00$c20230227$lBLL01$h1334
=SRC  \\$aOCLC$bOCLChits2301.lex

