=LDR  02136cam a2200529 i 4500
=001  020371890
=003  Uk
=005  20230807093718.0
=008  220707s2021\\\\it\a\\\\\b\\\\001\0\ita\d
=010  \\$a  2019443967
=020  \\$a9788822267689
=020  \\$a8822267680
=035  \\$a(OCoLC)1274136037$z(OCoLC)1342562813
=040  \\$aC3L$beng$cDLC$dNARDE$dERASA$dGZM$dCGU$dHTV$dGUA$dOCLCF$dC3L$dCMA$erda
=042  \\$aukblcatcopy
=050  \4$aN
=050  00$aND623.P62$bT65 2021
=082  14$a704$214
=100  1\$aTongiorgi Tomasi, Lucia.
=245  10$aRitratti, libri, giardini :$bSebastiano del Piombo, Fernando Colombo, Agostino Chigi /$cLucia Tongiorgi Tomasi.
=264  \1$aFirenze :$bLeo S. Olschki,$c2021.
=300  \\$axx, 200 pages :$bcolor illustrations ;$c24 cm.
=336  \\$atext$2rdacontent
=337  \\$aunmediated$2rdamedia
=338  \\$avolume$2rdacarrier
=490  1\$aBiblioteca dell'"Archivum Romanicum." Serie I, Storia, letteratura, paleografia ;$v514
=504  \\$aIncludes bibliographical references (pages 173-188) and index.
=600  00$aSebastiano,$cdel Piombo,$d1485-1547.
=600  10$aColón, Fernando,$d1488-1539$xPortraits.
=600  10$aChigi, Agostino,$d1466-1520$xArt patronage.
=600  17$aChigi, Agostino,$d1466-1520$2fast$0(OCoLC)fst00051384
=600  17$aColón, Fernando,$d1488-1539$2fast$0(OCoLC)fst00166561
=600  07$aSebastiano,$cdel Piombo,$d1485-1547$2fast$0(OCoLC)fst00058124
=650  \7$aArt patronage.$2fast$0(OCoLC)fst00815756
=700  0\$aSebastiano,$cdel Piombo,$d1485-1547.
=700  1\$aColón, Fernando,$d1488-1539.
=700  1\$aChigi, Agostino,$d1466-1520.
=830  \0$aBiblioteca dell'"Archivum Romanicum."$nSerie I,$pStoria, letteratura, paleografia ;$vv. 514.
=852  41$aBritish Library$bHMNTS$jYF.2023.a.18810
=856  41$uhttp://digital.casalini.it/9788822284761
=CAT  \\$a8197$b40$c20211027$lBLL01$h1146
=CAT  \\$a15066$b40$c20230807$lBLL01$h0937
=CAT  \\$aW2308-1659$c20230923$lBLL01$h0949
=FIN  \\$aY$d20230807
=FMT  \\$a  BK
=LAS  \\$aW2308-1659$b00$c20230923$lBLL01$h0949
=SID  \\$aZ39$bOCLC

