=LDR  01774cam a22004937i 4500
=001  020396812
=003  Uk
=005  20220513221105.0
=008  210211s2020\\\\sp\a\\\\\b\\\\000\0\spa\d
=020  \\$a9788481029468$qpdf
=020  \\$a8481029467
=020  \\$a9788481029451
=020  \\$a8481029459
=035  \\$a(OCoLC)1237696951$z(OCoLC)1195706128
=040  \\$aC3L$beng$cC3L$dSTF$dOCLCO$dC3L$dOCLCF$dUk
=042  \\$aukblderived
=043  \\$ae-po---$ae-sp---
=050  \4$aLA
=082  14$a371$214
=100  1\$aGarcía Barredo, Dionisio.
=245  13$aEl legado pedagógico de un maestro innovador /$cDionisio J. García Barredo ; estudio preliminar, José Ramón López Bausela.
=260  \\$aSantander :$bEditorial de la Universidad de Cantabria,$c2020.
=300  \\$a430 p. :$bill. ;$c13 cm
=490  0\$aCantabria 4 estaciones ;$v62
=500  \\$aCollected writings, partly publ. for the first time.
=504  \\$aIncludes bibliographical references (p. 114-118).
=530  \\$aAlso issued online.
=648  \7$a1900-1999$2fast
=650  \0$aEducation$zSpain$xHistory$y20th century.
=650  \7$aEducation.$2fast$0(OCoLC)fst00902499
=651  \7$aSpain.$2fast$0(OCoLC)fst01204303
=655  \7$aHistory.$2fast$0(OCoLC)fst01411628
=690  7\$aSocial Welfare$2blcoll
=700  1\$aLópez Bausela, José Ramón.
=852  41$aBritish Library$bHMNTS$jYF.2022.a.8791
=856  41$uhttp://digital.casalini.it/9788481029468
=CAT  \\$a11131$b40$c20211119$lBLL01$h0948
=CAT  \\$a11131$b40$c20220428$lBLL01$h1053
=CAT  \\$aBATCH-SWP$c20220513$lBLL01$h2211
=CAT  \\$aW2308-1659$c20230923$lBLL01$h0949
=FIN  \\$aY$d20220428
=FMT  \\$a  BK
=LAS  \\$aW2308-1659$b00$c20230923$lBLL01$h0949
=SID  \\$aZ39$bOCLC

