=LDR  03025cam a2200517 i 4500
=001  020405314
=003  Uk
=005  20220131073518.0
=008  210818s2021\\\\sp\\\\\\\b\\\\000\e\spa\d
=020  \\$a9788400107406
=020  \\$a8400107403
=035  \\$a(OCoLC)1267433955
=040  \\$aC3L$beng$cC3L$dC3L$dCUY$dOCLCF$dUk$erda
=042  \\$aukblderived
=043  \\$acl-----
=050  \4$aJC599.L29$bI47 2021
=082  14$a320$214
=245  00$aImperios ibéricos y representación política, siglos XIX-XX /$cInés Roldán de Montaud, Cristina Nogueira da Silva (eds.).
=264  \1$aMadrid :$bConsejo Superior de Investigaciones Científicas,$c2021.
=300  \\$a320 pages ;$c24 cm.
=336  \\$atext$2rdacontent
=337  \\$aunmediated$2rdamedia
=338  \\$avolume$2rdacarrier
=490  1\$aEstudios americanos. Tierra nueva ;$v5
=500  \\$aCollected essays.
=504  \\$aIncludes bibliographical references.
=505  0\$a"Portugal no tiene colonias" : la dimensión imperial del Parlamento portugués en el siglo XIX -- Entre hombres comunes y limitagod y el influjo de protectores públicos : la representación de Cuba en el Parlamento español, 1810-1868 -- Régimen electoral y representación parlamentaria en el imperio colonial portugués, 1820-1926 -- El Sexenio Democrático y la representación colonial en España, 1868-1874 -- La representación política de las Antillas durante la Restauración, 1879-1898 -- Representación política, legislación electoral y autonomismo en Cuba -- Parlamentarios catalanes elegidos en Cuba y Puerto Rico, 1868-1898 -- Elites de Goa y representación parlamentaria en el siglo XIX : el legado de Bernardo Peres da Silva -- De Santa Isabel a Madrid, sin pasar por Guinea : el Consejo de Vecinos como cauce de representación en los territorios españoles del Golfo de Guinea -- Dictadura y representación política de las colonias portuguesas durante el Estado Novo, 1933-1974.
=648  \7$a1800-1999$2fast
=650  \0$aPolitical persecution$zLatin America$y19th century.
=650  \0$aPolitical persecution$zLatin America$y20th century.
=650  \0$aRepresentative government and representation$zLatin America$y19th century.
=650  \0$aRepresentative government and representation$zLatin America$y20th century.
=650  \7$aPolitical persecution.$2fast$0(OCoLC)fst01069448
=650  \7$aRepresentative government and representation.$2fast$0(OCoLC)fst01094941
=651  \7$aLatin America.$2fast$0(OCoLC)fst01245945
=700  1\$aRoldán de Montaud, Inés,$eeditor.
=700  1\$aSilva, Ana Cristina Nogueira da,$eeditor.
=830  \0$aEstudios americanos.$pTierra nueva ;$v5.
=852  41$aBritish Library$bHMNTS$jYF.2022.a.1840
=856  41$uhttp://digital.casalini.it/9788400107413
=CAT  \\$a10904$b40$c20211126$lBLL01$h1326
=CAT  \\$a11002$b40$c20220131$lBLL01$h0735
=FIN  \\$aY$d20220131
=FMT  \\$a  BK
=LAS  \\$a11002$b40$c20220131$lBLL01$h0735
=SID  \\$aZ39$bOCLC

