=LDR  02575cam a2200661 i 4500
=001  020405425
=003  Uk
=005  20230724141206.0
=008  211020s2021\\\\sp\a\\\\\b\\\\001\0bspa\d
=010  \\$a2021453385  
=020  \\$z9788413777733$qpdf
=020  \\$z8413777739$qpdf
=020  \\$a9788413776347
=020  \\$a8413776341
=035  \\$a(OCoLC)1281112782$z(OCoLC)1274136511
=040  \\$aC3L$beng$cDLC$dC3L$dOCLCF$dAZS$erda
=042  \\$aukblderived
=043  \\$ae-sp---
=050  00$aBX1584$b.S33 2021
=082  14$a282$214
=100  1\$aSáez Olivares, Alejandro,$eauthor.
=245  13$aEl obispo Diego Ramírez de Villaescusa y su papel como mecenas de las artes /$cAlejandro Sáez Olivares.
=264  \1$aMadrid :$bEditorial Dykinson, S.L.,$c[2021]
=300  \\$a437 pages :$billustrations ;$c24 cm.
=336  \\$atext$2rdacontent
=337  \\$aunmediated$2rdamedia
=338  \\$avolume$2rdacarrier
=490  1\$aCiencias jurídicas y sociales
=500  \\$aOriginally presented as the author's thesis.
=504  \\$aIncludes bibliographical references and index.
=600  10$aRamírez de Villaescusa de Haro, Diego,$d1459-1537$xArt patronage.
=600  17$aRamírez de Villaescusa de Haro, Diego,$d1459-1537$2fast$0(OCoLC)fst00423842
=648  \7$a1500-1599$2fast
=650  \0$aChurch and state$zSpain$xHistory$y16th century.
=650  \0$aChristian art and symbolism$zSpain$y16th century.
=650  \0$aBishops$zSpain$vBiography.
=650  \0$aArt patrons$zSpain$vBiography.
=650  \6$aÉglise et État$zEspagne$xHistoire$y16e siècle.
=650  \6$aÉvêques$zEspagne$vBiographies.
=650  \6$aMécènes$zEspagne$vBiographies.
=650  \7$aArt patronage.$2fast$0(OCoLC)fst00815756
=650  \7$aArt patrons.$2fast$0(OCoLC)fst00815762
=650  \7$aBishops.$2fast$0(OCoLC)fst00833378
=650  \7$aChristian art and symbolism.$2fast$0(OCoLC)fst00858904
=650  \7$aChurch and state.$2fast$0(OCoLC)fst00860509
=651  \7$aSpain.$2fast$0(OCoLC)fst01204303
=655  \7$aBiographies.$2fast$0(OCoLC)fst01919896
=655  \7$aHistory.$2fast$0(OCoLC)fst01411628
=655  \7$aBiographies.$2lcgft
=830  \0$aCiencias jurídicas y sociales.
=852  41$aBritish Library$bHMNTS$jYF.2023.a.21934
=856  41$uhttp://digital.casalini.it/9788413777733
=CAT  \\$aBATCH-WEL$b00$c20230724$lBLL01$h1411
=CAT  \\$aBATCH-UPD$b00$c20230724$lBLL01$h1413
=FIN  \\$aY$d20230724
=FMT  \\$a  BK
=LAS  \\$aBATCH-UPD$b00$c20230724$lBLL01$h1413
=SRC  \\$aOCLC$bOCLChits2307.lex

