=LDR  02970cam a2200625 i 4500
=001  020406504
=003  Uk
=005  20230724141206.0
=008  210601t20212021it\ah\\\\b\\\\000\0\ita\\
=010  \\$a2021408488  
=020  \\$a9788869958632
=020  \\$a8869958639
=035  \\$a(OCoLC)1281781961$z(OCoLC)1292791940
=040  \\$aC3L$beng$cDLC$dZCU$dOCLCF$dPAU$dNOC$dC3L$erda
=041  1\$aita$alat$hlat
=042  \\$aukblderived
=050  00$aPQ155.C74$bC6616 2021
=082  14$a871$214
=245  00$aConcilium Romaricimontis :$bdonne a dibattito sull'amante migliore /$ca cura di Irene Spagnolo.
=264  \1$aOspedaletto (Pisa) :$bPacini Editore,$c[2021]
=264  \4$c©2021
=300  \\$a127 pages :$billustrations, facsimiles ;$c21 cm.
=336  \\$atext$2rdacontent
=337  \\$aunmediated$2rdamedia
=338  \\$avolume$2rdacarrier
=490  1\$aScrittori latini dell'Europa medievale ;$vquattordici
=490  1\$aSaggistica
=504  \\$aIncludes bibliographical references (pages 87-97).
=520  \\$a"Chiuse tra le mura del monastero, le donne di Remiremont dibattono su quale sia l'amante da preferire: il chierico, colto e cortese, oppure il cavaliere, prode e coraggioso? I versi del Concilium Romaricimontis, colorati da una vena parodica, restituiscono lo svolgersi della tenzone in uno stile semplice, ma vivace. Le insolite protagoniste e la sede del dibattito rendono il poemetto un unicum nella tradizione mediolatina e volgare dei conflictus del chierico e del cavaliere. Il testo latino in nuova edizione critica è corredato della prima traduzione italian, accompagnata da un'ampia introduzione storico-letteraria e filologica e da un commento puntuale."--Page 4 of cover
=546  \\$aPoem in Latin with parallel Italian translation; introduction and critical matter in Italian.
=630  00$aConcilium Romaricimontis.
=650  \0$aCourtly love.
=650  \0$aMan-woman relationships$vPoetry.
=650  \0$aWomen$vPoetry.
=650  \0$aLove$vPoetry.
=650  \6$aFemmes$vPoésie.
=650  \6$aRelations entre hommes et femmes$vPoésie.
=650  \7$aLove.$2fast$0(OCoLC)fst01002769
=650  \7$aMan-woman relationships.$2fast$0(OCoLC)fst01007080
=650  \7$aWomen.$2fast$0(OCoLC)fst01176568
=655  \7$aPoetry.$2fast$0(OCoLC)fst01423828
=655  \7$aPoetry.$2lcgft
=700  1\$aSpagnolo, Irene,$eeditor,$ewriter of added commentary.
=730  02$aConcilium Romaricimontis.
=730  02$aConcilium Romaricimontis.$lItalian.
=830  \0$aScrittori latini dell'Europa medievale ;$v14.
=830  \0$aSaggistica (Ospedaletto, Pisa, Italy)
=852  41$aBritish Library$bHMNTS$jYF.2023.a.21953
=856  41$uhttp://digital.casalini.it/9788869958632
=CAT  \\$aBATCH-WEL$b00$c20230724$lBLL01$h1411
=CAT  \\$aBATCH-UPD$b00$c20230724$lBLL01$h1413
=FIN  \\$aY$d20230724
=FMT  \\$a  BK
=LAS  \\$aBATCH-UPD$b00$c20230724$lBLL01$h1413
=SRC  \\$aOCLC$bOCLChits2307.lex

