=LDR  03721cam a22004937i 4500
=001  020413107
=003  Uk
=005  20211202080236.0
=008  211011s2021\\\\sp\\\\\\\b\\\\001\0\spa\d
=020  \\$a9788491922421$q(paperback ;$qIberoamericana)
=020  \\$a8491922423$q(paperback ;$qIberoamericana)
=020  \\$a9783968692166$q(paperback ;$qVervuert)
=020  \\$a3968692160$q(paperback ;$qVervuert)
=020  \\$a9783968692173$q(e-book)
=020  \\$a3968692179$q(e-book)
=035  \\$a(OCoLC)1277197722
=040  \\$aC3L$beng$cC3L$dVA@$dC3L$dOCLCF$dIND$dERASA$dUk$erda
=042  \\$aukblcatcopy
=050  \4$aPQ6420.P44$bZ53 2021
=082  14$a861$223
=100  1\$aÁlvarez Ledo, Sandra.
=245  13$aLa poesía de Gómez Pérez Patiño /$cSandra Álvarez Ledo.
=264  \1$aMadrid :$bIberoamericana ;$aFrankfurt am Main :$bVervuert ;$c2021.
=300  \\$a157 pages ;$c22 cm.
=336  \\$atext$btxt$2rdacontent
=337  \\$aunmediated$bn$2rdamedia
=338  \\$avolume$bnc$2rdacarrier
=490  1\$aMedievalia Hispánica ;$v35
=500  \\$aIncludes texts by Gómez Pérez Patiño in critical edition.
=504  \\$aIncludes bibliographical references and index.
=520  8\$aEsta obra tiene por objeto de estudio a Gómez Pérez Patiño, poeta de cancionero cuya labor, enmarcada en la corte castellana de los inicios del cuatrocientos, conocemos gracias al legado del Cancionero de Baena. El trabajo consta de dos grandes núcleos. En primer lugar, se ofrece una aproximación a los datos biográficos del autor y al proceso transmisor de su obra; en segundo lugar, se presenta la edición anotada de los textos poéticos conservados. Con respecto a la trayectoria vital del poeta, cabe destacar la estrecha conexión con el ámbito del alto clero, que posibilitó su desempeño profesional al servicio de los obispos Juan de Villacreces y Juan Fernández Cabeza de Vaca. Los vínculos que, como dignatarios reales, tuvieron estos prelados con la corte de Castilla propiciaron que Pérez Patiño participase, a través de sus creaciones poéticas, en el devenir político y social del medio áulico, especialmente, bajo el reinado de Enrique III y la regencia de Catalina de Lancaster. Sus poemas abarcan distintas temáticas, como la propagandística, amatoria o moral, que prueban, al igual que su elaborada retórica, la destreza del autor en su medio literario. En lo que se refiere al proceso de difusión de su obra, la muestra conservada evidencia huellas de un complejo curso transmisor, afectado por pérdidas y transposiciones del conjunto textual, cuyos efectos se encamina a reparar la edición a través de una propuesta de enmiendas sustentadas en los instrumentos aportados por la ecdótica.00Sandra Álvarez Ledo es doctora en Filología Hispánica por la Universidad de Vigo. Su trayectoria en el ámbito investigador se ha centrado en la literatura castellana del siglo XV y se ha desarrollado, en especial, colaborando en proyectos de investigación vinculados a la poesía de cancionero.
=600  10$aPérez Patiño, Gómez,$dactive 15th century$xCriticism and interpretation.
=655  \7$aCriticism, interpretation, etc.$2fast$0(OCoLC)fst01411635
=830  \0$aMedievalia Hispanica ;$v35.
=852  41$aBritish Library$bHMNTS$jYF.2021.a.16789
=856  41$uhttp://digital.casalini.it/9783968692173
=CAT  \\$a11029$b40$c20211202$lBLL01$h0757
=CAT  \\$a11029$b40$c20211202$lBLL01$h0801
=CAT  \\$a11029$b40$c20211202$lBLL01$h0802
=CAT  \\$aW2308-1659$c20230923$lBLL01$h0949
=FIN  \\$aY$d20211202
=FMT  \\$a  BK
=LAS  \\$aW2308-1659$b00$c20230923$lBLL01$h0949
=SID  \\$aZ39$bOCLC

