=LDR  02633cam a2200661 i 4500
=001  020420448
=003  Uk
=005  20230623083631.0
=008  211108t20212021sp\ab\\\\b\\\\001\0bspa\d
=010  \\$a  2021437706
=020  \\$a9788491922100$qpaperback
=020  \\$a8491922105$qpaperback
=020  \\$a9783968691626$qebook
=020  \\$a3968691628
=035  \\$a(OCoLC)1285297267$z(OCoLC)1285959420
=040  \\$aC3L$beng$cC3L$dVA@$dIND$dOCLCF$dOCLCO$dGZM$dCGU$dUPM$dTJC$dDLC$erda
=042  \\$aukblcatcopy
=043  \\$acc-----$ae-uk---
=050  \4$aPN
=050  \4$aDA86.22.D7$bR56 2021
=082  14$a820$214
=100  1\$aRíos Taboada, María Gracia,$eauthor.
=245  10$aDisputas de altamar :$bSir Francis Drake en la polémica española-inglesa sobre las Indias /$cMaría Gracia Ríos Taboada.
=246  30$aSir Francis Drake en la polémica española-inglesa sobre las Indias
=264  \1$aMadrid :$bIberoamericana :$aFrankfurt am Main :$bEditorial Vervuert,$c2021.
=300  \\$a261 pages :$bcolor illustrations, color maps ;$c23 cm.
=336  \\$atext$btxt$2rdacontent
=337  \\$aunmediated$bn$2rdamedia
=338  \\$avolume$bnc$2rdacarrier
=490  1\$aTiempo emulado ;$v80
=504  \\$aIncludes bibliographical references and index.
=600  10$aDrake, Francis,$dapproximately 1540-1596.
=600  17$aDrake, Francis,$dapproximately 1540-1596$2fast$0(OCoLC)fst01816362
=648  \7$a1500-1599$2fast
=650  \0$aPrivateering$zCaribbean Area$xHistory.
=650  \0$aExplorers$zGreat Britain$vBiography.
=650  \7$aExplorers.$2fast$0(OCoLC)fst00918556
=650  \7$aInternational relations.$2fast$0(OCoLC)fst00977053
=650  \7$aPrivateering.$2fast$0(OCoLC)fst01077643
=651  \0$aSpain$xRelations$zGreat Britain$y16th century.
=651  \0$aGreat Britain$xRelations$zSpain$y16th century.
=651  \7$aCaribbean Area.$2fast$0(OCoLC)fst01244080
=651  \7$aGreat Britain.$2fast$0(OCoLC)fst01204623
=651  \7$aSpain.$2fast$0(OCoLC)fst01204303
=655  \7$aBiographies.$2fast$0(OCoLC)fst01919896
=655  \7$aHistory.$2fast$0(OCoLC)fst01411628
=655  \7$aBiographies.$2lcgft
=830  \0$aTiempo emulado ;$v80.
=852  41$aBritish Library$bHMNTS$jYF.2023.a.14880
=856  41$uhttp://digital.casalini.it/9783968691626
=CAT  \\$a11029$b40$c20211208$lBLL01$h1015
=CAT  \\$aBATCH-UPD$b40$c20220312$lBLL01$h1709
=CAT  \\$a15066$b40$c20230623$lBLL01$h0836
=CAT  \\$aW2308-1659$c20230923$lBLL01$h0949
=FIN  \\$aY$d20230623
=FMT  \\$a  BK
=LAS  \\$aW2308-1659$b00$c20230923$lBLL01$h0949
=SID  \\$aZ39$bOCLC

