=LDR  02545cam a22004217a 4500
=001  020421280
=003  Uk
=005  20211211172457.0
=008  210902s2021\\\\it\a\\\\\b\\\\001\0dita\d
=020  \\$a9788833138169$qpaperback
=020  \\$a883313816X$qpaperback
=035  \\$a(OCoLC)1268141220
=040  \\$aNARDE$beng$cNARDE$dC3L$dFIE$dUk
=042  \\$aukblcatcopy
=050  \4$aD
=082  14$a940$223
=245  03$aLe vittime italiane del nazionalsocialismo :$ble memorie dei sopravvissuti tra testimonianza e ricerca storica /$ca cura di Filippo Focardi.
=260  \\$aRoma :$bViella,$c2021.
=300  \\$a352 p. :$bill. (chiefly col.) ;$c21 cm.
=336  \\$atext$2rdacontent
=337  \\$aunmediated$2rdamedia
=338  \\$avolume$2rdacarrier
=490  0\$aI libri di Viella ;$v393
=504  \\$aIncludes indexes.
=520  \\$aOltre cento videointerviste a italiane e italiani sopravvissuti alla violenza nazista e fascista negli anni dell'occupazione tedesca - ebrei, deportati politici, internati militari, lavoratori coatti, partigiani - sono il frutto di un progetto di ricerca finanziato dal Fondo italo-tedesco per il futuro e realizzato presso il Dipartimento di Scienze politiche, giuridiche e studi internazionali dell'Università di Padova. Ogni intervista rappresenta un patrimonio prezioso e unico di memoria, che racconta le esperienze vissute da persone travolte dalla violenza della guerra e dalle politiche criminali di repressione e sterminio del nazifascismo. Non solo dunque una delle ultime occasioni per dare voce alle vittime, ma anche una grande opportunità di approfondimento e analisi scientifica affidati ai più qualificati contemporaneisti. A partire dai materiali raccolti, il volume propone una riflessione sulla figura e il ruolo del testimone, sulle interazioni fra memorie individuali, familiari, locali e memoria pubblica nazionale relativa alla seconda guerra mondiale. --$cProvided by publisher.
=650  \0$aFascism$zItaly$xHistory$y20th century.
=650  \0$aAnti-fascist movements$zItaly$xHistory$y20th century.
=653  1\$aGeneral history of Europe$aPolitical science
=700  1\$aFocardi, Filippo.
=852  41$aBritish Library$bHMNTS$jYF.2021.a.17799
=856  41$uhttp://digital.casalini.it/9788833139197
=CAT  \\$a11029$b40$c20211209$lBLL01$h1137
=CAT  \\$a11029$b40$c20211209$lBLL01$h1138
=CAT  \\$aBATCH-ROF$b00$c20211211$lBLL01$h1724
=FIN  \\$aY$d20211209
=FMT  \\$a  BK
=LAS  \\$aBATCH-ROF$b00$c20211211$lBLL01$h1724
=SID  \\$aZ39$bOCLC

