=LDR  01474cam a2200409 i 4500
=001  020421457
=003  Uk
=005  20220304072654.0
=008  210419s2020\\\\sp\\\\\\\b\\\\001\0\spa\d
=020  \\$a9788498288247
=020  \\$a849828824X
=035  \\$a(OCoLC)1247684392
=040  \\$aC3L$beng$cC3L$dC3L$dOCLCF$dCGU$dKKU$dUk$erda
=042  \\$aukblderived
=050  \4$aPQ6666.R319$bZ55 2020
=082  14$a861$214
=100  1\$aCandón Ríos, Fernando,$eauthor.
=245  13$aLa semántica del poder :$bla poesía de Benjamín Prado /$cFernando Candón Ríos.
=264  \1$aCádiz :$bEditorial UCA, Universidad de Cádiz,$c2020.
=300  \\$a257 pages ;$c21 cm.
=336  \\$atext$2rdacontent
=337  \\$aunmediated$2rdamedia
=338  \\$avolume$2rdacarrier
=490  1\$aLetra pequeña ;$vnúmero 2
=504  \\$aIncludes bibliographical references and index.
=600  10$aPrado, Benjamín,$d1961-$xCriticism and interpretation.
=600  17$aPrado, Benjamín,$d1961-$2fast$0(OCoLC)fst00421407
=655  \7$aCriticism, interpretation, etc.$2fast$0(OCoLC)fst01411635
=830  \0$aLetra pequeña (Cádiz, Spain) ;$vno. 2.
=852  41$aBritish Library$bHMNTS$jYF.2022.a.3888
=856  41$uhttp://digital.casalini.it/9788498288254
=CAT  \\$a6503$b40$c20211209$lBLL01$h1401
=CAT  \\$a11002$b40$c20220304$lBLL01$h0726
=FIN  \\$aY$d20220304
=FMT  \\$a  BK
=LAS  \\$a11002$b40$c20220304$lBLL01$h0726
=SID  \\$aZ39$bOCLC

