=LDR  01390cam a2200397 i 4500
=001  020421514
=003  Uk
=005  20220803171209.0
=008  210215e202012\\sp\a\\\\\b\\\|0|0\0|spa\d
=020  \\$a9788491593690$qpaperback
=020  \\$a8491593691$qpaperback
=035  \\$a(OCoLC)1240360230
=040  \\$aC3L$beng$cC3L$dC3L$dUk$erda
=042  \\$aukblsr
=050  \4$aPQ
=082  14$a861$214
=100  1\$aPonce Cárdenas, Jesús,$eauthor.
=245  13$aEl embajador parnasiano :$bpoesía y pintura en Antonio de Zayas /$cJesús Ponce Cárdenas.
=250  \\$aPrimera edición.
=264  \1$aJaén (España) :$bUJA Editorial,$cdiciembre 2020.
=300  \\$a568 pages :$billustrations (black and white, and colour) ;$c23 cm.
=490  0\$aColección Estudios literarios
=504  \\$aIncludes bibliographical references.
=600  10$aZayas, Antonio de,$d1871-1945$xCriticism and interpretation.
=650  \0$aArt and literature.
=852  41$aBritish Library$bHMNTS$jYF.2022.a.17091
=856  41$uhttp://digital.casalini.it/9788491593935
=BUF  2\$aY2$d20220304
=CAT  \\$a6503$b40$c20211209$lBLL01$h1453
=CAT  \\$a11002$b40$c20220304$lBLL01$h0808
=CAT  \\$a7483$b40$c20220803$lBLL01$h1555
=CAT  \\$a7483$b40$c20220803$lBLL01$h1712
=FIN  \\$aY$d20220803
=FMT  \\$a  BK
=LAS  \\$a7483$b40$c20220803$lBLL01$h1712
=SID  \\$aZ39$bOCLC

