=LDR  02071cam a2200541 i 4500
=001  020480269
=003  Uk
=005  20220903072500.0
=008  211004s2021\\\\it\a\\\\\b\\\\001\0\ita\d
=020  \\$a9788855264556
=020  \\$a8855264559
=035  \\$a(OCoLC)1291407543$z(OCoLC)1281782810
=040  \\$aC3L$beng$cC3L$dOCLCO$dZCU$dOCLCO$dOCLCF$dOCLCO$dHTV$dUk$erda
=042  \\$aukblderived
=050  \4$aP47$b.D338 2021
=082  14$a801$214
=100  1\$aD'Agostino, Alfonso,$d1951-$eauthor.
=245  10$aAvviamento alla filologia testuale :$bMedioevo italiano e romanzo /$cAlfonso D'Agostino.
=264  \1$aMilano, Italia :$bLedizioni,$c[2021]
=300  \\$a563 pages :$billustrations ;$c24 cm.
=336  \\$atext$btxt$2rdacontent
=337  \\$aunmediated$bn$2rdamedia
=338  \\$avolume$bnc$2rdacarrier
=500  \\$aA. D'Agostino, former professor at the University of Milan.
=504  \\$aIncludes bibliographical references (pages 533-563) and indexes.
=650  \0$aCriticism, Textual.
=650  \0$aItalian philology.
=650  \0$aItalian literature$xCriticism, Textual.
=650  \0$aRomance philology.
=650  \0$aRomance-language literature$xCriticism, Textual.
=650  \2$aPhilology, Romance
=650  \6$aPhilologie italienne.
=650  \6$aPhilologie romane.
=650  \7$aCriticism, Textual.$2fast$0(OCoLC)fst00883762
=650  \7$aItalian literature.$2fast$0(OCoLC)fst00980660
=650  \7$aItalian philology.$2fast$0(OCoLC)fst00980709
=650  \7$aRomance-language literature.$2fast$0(OCoLC)fst01099871
=650  \7$aRomance philology.$2fast$0(OCoLC)fst01099881
=655  \7$aCriticism, interpretation, etc.$2fast$0(OCoLC)fst01411635
=852  41$aBritish Library$bHMNTS$jYF.2022.a.21242
=856  41$uhttp://digital.casalini.it/9788855264556
=CAT  \\$aCASALINI$b00$c20220207$lBLL01$h2022
=CAT  \\$aBATCH-UPD$b00$c20220207$lBLL01$h2022
=CAT  \\$a11002$b40$c20220903$lBLL01$h0725
=FIN  \\$aY$d20220903
=FMT  \\$a  BK
=LAS  \\$a11002$b40$c20220903$lBLL01$h0725
=SID  \\$aZ39$bOCLC

