=LDR  02079cam a2200457 i 4500
=001  020497719
=003  Uk
=005  20220330104057.0
=008  210929s2021\\\\it\a\\\\\b\\\\000\0\eng\d
=020  \\$a9788822267382$qpaperback
=020  \\$z9788822284617$qpdf
=035  \\$a(OCoLC)1273198300$z(OCoLC)1273198996
=040  \\$aC3L$beng$cC3L$dL2U$dLGG$dUk$erda
=042  \\$aukblsr
=050  \4$aHD6073.F3$bA34 2021
=100  1\$aAgarwal, Bina,$eauthor.
=245  10$aBeyond family farming :$bgendering the collective /$cby Bina Agarwal, 2017 Balzan Prizewinner.
=264  \1$aFirenze :$bLeo S. Olschki,$c2021.
=300  \\$a63 pages :$billustrations (colour) ;$c24 cm.
=336  \\$atext$2rdacontent
=336  \\$astill image$2rdacontent
=337  \\$aunmediated$2rdamedia
=338  \\$avolume$2rdacarrier
=490  1\$aThe Annual Balzan Lecture ;$v10
=500  \\$aB. Agarwal, professor at the University of Manchester.
=504  \\$aIncludes bibliographical references.
=520  \\$a"Bina Agarwal, 2017 Balzan Prizewinner for Gender Studies, shows how a model of farming that transcends the small family farms dominant in the world can transform agricultural institutions, and hence increase farm productivity, improve farmer welfare, and enhance gender equality. Agarwal has been researching this issue for several years, and her Balzan Prize funds a project that further extends this work. Some of these findings are also presented in this tenth Annual Balzan Lecture."
=530  \\$aAlso issued online.
=650  \0$aWomen farmers$xEconomic conditions.
=650  \0$aWomen farmers$xSocial conditions.
=650  \0$aAgricultural productivity.
=830  \0$aAnnual Balzan lecture ;$v10.
=852  41$aBritish Library$bHMNTS$jYD.2022.a.710
=856  41$uhttp://digital.casalini.it/9788822284617
=CAT  \\$a13935$b40$c20220223$lBLL01$h1153
=CAT  \\$a5883$b40$c20220330$lBLL01$h1040
=CAT  \\$aW2308-1659$c20230923$lBLL01$h0951
=FIN  \\$aY$d20220330
=FMT  \\$a  BK
=LAS  \\$aW2308-1659$b00$c20230923$lBLL01$h0951
=SID  \\$aZ39$bOCLC

