=LDR  02268cam a2200577 i 4500
=001  020506967
=003  Uk
=005  20220603214929.0
=008  210531s2021\\\\sp\ab\\\\b\\\\000\0\spa\d
=020  \\$a9788491594017
=020  \\$a8491594019
=035  \\$a(OCoLC)1255469834
=040  \\$aC3L$beng$cC3L$dC3L$dPIT$dOCLCF$dOCLCO$dUk$erda
=042  \\$aukblderived
=043  \\$as-ag---$as-bl---$an-mx---
=050  \4$aTD227.5$b.A38 2021
=082  14$a333$214
=245  00$aAguas y políticas públicas en Argentina, Brasil y México /$cFabiano Quadros Rückert, Fábio Alexandre dos Santos, Guillermo Banzato (coordinadores).
=250  \\$aPrimera edición.
=260  \\$aJaén :$bUniversidad de Jaén,$c2021.
=300  \\$a236 pages :$billustrations, maps ;$c24 cm.
=336  \\$atext$btxt$2rdacontent
=337  \\$aunmediated$bn$2rdamedia
=338  \\$avolume$bnc$2rdacarrier
=490  1\$aSociedad y ciencias sociales. Serie Agua y medio ambiente ;$v5
=500  \\$aCollected essays.
=504  \\$aInclude bibliographical references.
=650  \0$aWater-supply$zArgentina$xManagement.
=650  \0$aWater-supply$zBrazil$xManagement.
=650  \0$aWater-supply$zMexico$xManagement.
=650  \0$aWater-supply$xSocial aspects.
=650  \7$aWater-supply$xManagement.$2fast$0(OCoLC)fst01172390
=650  \7$aWater-supply$xSocial aspects.$2fast$0(OCoLC)fst01172424
=651  \7$aArgentina.$2fast$0(OCoLC)fst01205614
=651  \7$aBrazil.$2fast$0(OCoLC)fst01206830
=651  \7$aMexico.$2fast$0(OCoLC)fst01211700
=690  7\$aManagement and Business Studies$2blcoll
=700  1\$aRuckert, Fabiano Quadros,$eeditor.
=700  1\$aSantos, Fábio Alexandre dos,$eeditor.
=700  1\$aBanzato, Guillermo,$eeditor.
=830  \0$aColección Sociedad y ciencias sociales.$pSerie Agua y medio ambiente ;$v5.
=852  41$aBritish Library$bHMNTS$jYF.2022.a.10662
=856  41$uhttp://digital.casalini.it/9788491594130
=CAT  \\$a10904$b40$c20220304$lBLL01$h2104
=CAT  \\$aBATCH-UPD$b40$c20220304$lBLL01$h2104
=CAT  \\$a11131$b40$c20220517$lBLL01$h0816
=CAT  \\$aBATCH-MBS$c20220603$lBLL01$h2149
=FIN  \\$aY$d20220517
=FMT  \\$a  BK
=LAS  \\$aBATCH-MBS$b00$c20220603$lBLL01$h2149
=SID  \\$aZ39$bOCLC

