=LDR  01808cam a22005057i 4500
=001  020513561
=003  Uk
=005  20220517065421.0
=008  211102s2021\\\\sp\\\\\\\b\\\\001\0dspa\d
=020  \\$a9788417888206$qpdf
=020  \\$a8417888209
=020  \\$a9788417888190
=020  \\$a8417888195
=035  \\$a(OCoLC)1284806351$z(OCoLC)1284805816
=040  \\$aC3L$beng$cC3L$dC3L$dUk$erda
=042  \\$aukblderived
=043  \\$ae-po---$anc-----$ae-sp---$an-mx---
=050  \4$aPQ
=082  14$a860$214
=100  1\$aSuárez de la Torre, Laura.
=245  10$aAllende las fronteras :$blos mediadores culturales, España y México, siglo XIX /$cLaura Suárez de la Torre.
=260  \\$aSantander :$bEditorial de la Universidad de Cantabria,$c2021.
=300  \\$a163 pages ;$c21 cm.
=336  \\$atext$2rdacontent
=337  \\$aunmediated$2rdamedia
=338  \\$avolume$2rdacarrier
=490  0\$aHistoria ;$v144
=504  \\$aIncludes bibliographical references (pages 145-154) and index.
=600  10$aGorostiza, Manuel Eduardo de,$d1789-1851.
=600  10$aZorrilla, José,$d1817-1893.
=600  10$aOlavarría y Ferrari, Enrique de,$d1844-1918.
=600  10$aAgüeros, Victoriano,$d1854-1911.
=650  \0$aMexican literature$y19th century$xHistory and criticism.
=651  \0$aMexico$xIntellectual life$y19th century.
=651  \0$aMexico$xRelations$zSpain.
=651  \0$aSpain$xRelations$zMexico.
=852  41$aBritish Library$bHMNTS$jYF.2022.a.10679
=856  41$uhttp://digital.casalini.it/9788417888206
=CAT  \\$a10904$b40$c20220311$lBLL01$h0855
=CAT  \\$aBATCH-ROF$b00$c20220312$lBLL01$h1727
=CAT  \\$a11131$b40$c20220517$lBLL01$h0654
=FIN  \\$aY$d20220517
=FMT  \\$a  BK
=LAS  \\$a11131$b40$c20220517$lBLL01$h0654
=SID  \\$aZ39$bOCLC

