=LDR  03365cam a22004457i 4500
=001  020516809
=003  Uk
=005  20220315111857.0
=008  211206s2021\\\\sp\a\\\\\b\\\\001\0\spa\d
=020  \\$a9788491922407$qIberoamericana$qhardback
=020  \\$a9783968692180$qVervuert$qhardback
=020  \\$a9783968692197$qebook
=020  \\$a3968692195
=035  \\$a(OCoLC)1298587960$z(OCoLC)1298589937
=040  \\$aC3L$beng$cC3L$dVA@$dOHX$dERASA$dUk$erda
=042  \\$aukblcatcopy
=082  14$a861$214
=100  1\$aPonce, Manuel,$eauthor.
=245  10$aSilva a las Soledades de don Luis de Góngora, con anotaciones y declaración, y un discurso en defensa de la novedad y términos de su estilo /$cestudio y edición de Antonio Azaustre Galiana.
=264  \1$aMadrid :$bIberoamericana ; Frankfurt :$bVervuert,$c2021.
=300  \\$a344 pages :$billustrations ;$c25 cm.
=336  \\$atext$btxt$2rdacontent
=337  \\$aunmediated$bn$2rdamedia
=338  \\$avolume$bnc$2rdacarrier
=490  0\$aBiblioteca áurea hispánica ;$v146
=504  \\$aIncludes bibliographical references and index.
=520  8\$aEn noviembre de 1613, Manuel Ponce, uno de los eruditos que poblaron las letras hispanas del siglo XVII, preparaba el que se considera uno de los primeros comentarios a las Soledades de Góngora. Su trabajo consta de dos grandes secciones, escritas en fases sucesivas: una anotación a la Soledad primera ?a la que llama Silva a las Soledades?, y un Discurso en defensa de novedad y términos de su estilo, donde defiende la oscuridad como fundamento de la grandeza de la poesía y del poema de Góngora. En este volumen se ofrece un estudio de los principales aspectos que desarrolla este comentario, y la primera edición íntegra del único manuscrito que hoy se conserva, del que diera noticia el maestro Dámaso Alonso en 1978. La edición va acompañada de una anotación en la que se detallan las diversas particularidades del manuscrito y el texto, y se ilustran sus contenidos y el rico bagaje de autores que Ponce maneja como fuentes.0Antonio Azaustre Galiana es catedrático de Literatura Española en la Universidad de Santiago de Compostela. Su investigación centra en la retórica y la literatura española del Siglo de Oro, especialmente en la figura de Quevedo. De sus publicaciones destacan el Manual de retórica española, en coautoría con Juan Casas, la edición de las obras crítico-literarias y burlescas de Quevedo, y la reciente edición en 2020, junto a José Manuel Rico, de un memorial inédito de este autor. De Manuel Ponce ha editado, con Helena de Carlos, un comentario inédito a Virgilio, además del comentario a la Soledad primera que recoge este volumen.
=600  10$aGóngora y Argote, Luis de,$d1561-1627.$tSoledades.
=650  \0$aSpanish literature$y17th century$xHistory and criticism.
=700  1\$aAzaústre Galiana, Antonio,$eeditor.
=852  41$aBritish Library$bHMNTS$jYF.2022.a.5118
=856  41$uhttp://digital.casalini.it/9783968692197
=CAT  \\$a11029$b40$c20220315$lBLL01$h1117
=CAT  \\$a11029$b40$c20220315$lBLL01$h1118
=CAT  \\$aBATCH-UPD$b40$c20221021$lBLL01$h2129
=CAT  \\$aW2308-1659$c20230923$lBLL01$h0951
=FIN  \\$aY$d20220315
=FMT  \\$a  BK
=LAS  \\$aW2308-1659$b00$c20230923$lBLL01$h0951
=SID  \\$aZ39$bOCLC

