=LDR  01710cam a22004937i 4500
=001  020520889
=003  Uk
=005  20220316082939.0
=008  220212s2022\\\\sp\a\\\\\b\\\\000\0\spa\d
=020  \\$a9788491922384$qIberoamericana$qpaperback
=020  \\$a8491922385
=020  \\$a9783968692081$qVervuert$qpaperback
=020  \\$a396869208X
=020  \\$z9783968692098$qebook
=024  3\$a9788491922384
=024  3\$a9783968692081
=035  \\$a(OCoLC)1296572666$z(OCoLC)1294309233
=040  \\$aOHX$beng$cOHX$dC3L$dLGG$dVA$dUk$erda
=042  \\$aukblcatcopy
=043  \\$ae-po---$ae-sp---
=050  \4$aPC4107$b.U55 2022
=072  \7$aPC$2lcco
=082  14$a465$214
=245  00$aUniversales vernáculos en la gramática del español /$cÁngela di Tullio y Enrique Pato (eds.).
=264  \1$aMadrid :$bIberoamericana ;$aFrankfurt am Main :$bVervuert,$c2022.
=300  \\$a337 pages :$bsome illustrations ;$c23 cm.
=336  \\$atext$btxt$2rdacontent
=337  \\$aunmediated$bn$2rdamedia
=338  \\$avolume$bnc$2rdacarrier
=490  1\$aLingüistica iberoamericana ;$vvol. 85
=504  \\$aIncludes bibliographical references.
=650  \0$aSpanish language$xGrammar.
=700  1\$aDi Tullio, Angela,$eeditor.
=700  1\$aPato, Enrique,$eeditor.
=776  08$ie-book version$z9783968692098
=830  \0$aLingüística iberoamericana ;$vvol. 85.
=852  41$aBritish Library$bHMNTS$jYF.2022.a.5123
=856  41$uhttp://digital.casalini.it/9783968692098
=CAT  \\$a11029$b40$c20220316$lBLL01$h0829
=CAT  \\$aW2308-1659$c20230923$lBLL01$h0951
=FIN  \\$aY$d20220316
=FMT  \\$a  BK
=LAS  \\$aW2308-1659$b00$c20230923$lBLL01$h0951
=SID  \\$aZ39$bOCLC

