=LDR  01571cam a22004337i 4500
=001  020521132
=003  Uk
=005  20220316143902.0
=008  220131s2022\\\\sp\\\\\\\b\\\\000\0\spa\d
=020  \\$a9788491922674$qIberoamericana$qpaperback
=020  \\$a8491922679
=020  \\$a9783968692647$qVertvuert$zpaperbabk
=020  \\$z9783968692654$qebook
=035  \\$a(OCoLC)1295441621
=040  \\$aC3L$beng$cC3L$dVA@$dC3L$dUk$erda
=042  \\$aukblcatcopy
=082  14$a863$214
=100  1\$aFerrer Calle, Javier,$eauthor.
=245  14$aLas cadenas de la identidad :$bpoéticas del desarraigo y el viaje en la obra de Andrés Neuman /$cJavier Ferrer Calle.
=264  \1$aMadrid :$bIberoamericana ;$aFrankfurt am Main :$bVervuert,$c2022.
=264  \4$c©2022
=300  \\$a214 pages ;$c23 cm.
=336  \\$atext$btxt$2rdacontent
=337  \\$aunmediated$bn$2rdamedia
=338  \\$avolume$bnc$2rdacarrier
=490  0\$aEdiciones de Iberoamericana ;$v127
=500  \\$aA. Neuman, Argentinian author living in Spain.
=504  \\$aIncludes bibliographical references.
=530  \\$aAlso published electronically.
=600  10$aNeuman, Andrés,$d1977-$xCriticism and interpretation.
=852  41$aBritish Library$bHMNTS$jYF.2022.a.5127
=856  41$uhttp://digital.casalini.it/9783968692654
=CAT  \\$a11029$b40$c20220316$lBLL01$h1438
=CAT  \\$a11029$b40$c20220316$lBLL01$h1439
=CAT  \\$aW2308-1659$c20230923$lBLL01$h0951
=FIN  \\$aY$d20220316
=FMT  \\$a  BK
=LAS  \\$aW2308-1659$b00$c20230923$lBLL01$h0951
=SID  \\$aZ39$bOCLC

