=LDR  01454cam a22003977i 4500
=001  020548338
=003  Uk
=005  20220407072724.0
=008  220204s2021\\\\it\a\\\\\b\\\\000\0\ita\d
=020  \\$a9788822268136$qpaperback
=020  \\$a882226813X$qpaperback
=035  \\$a(OCoLC)1296601225
=040  \\$aC3L$beng$cC3L$dUIU$dHTV$dOCLCO$dGUA$dC3L$dUk$erda
=042  \\$aukblcatcopy
=050  \4$aPQ4287$b.G756 2021
=082  14$a853$214
=100  10$aGrimaldi Pizzorno, Patrizia,$d1954-$eauthor.
=245  10$aDopo la peste :$bdesiderio e ragione nella Decima giornata del Decameron /$cPatrizia Grimaldi Pizzorno.
=264  \1$aFirenze :$bLeo S. Olschki,$c2021.
=300  \\$a125 pages :$billustration ;$c24 cm.
=336  \\$atext$btxt$2rdacontent
=336  \\$astill image$bsti$2rdacontent
=337  \\$aunmediated$bn$2rdamedia
=338  \\$avolume$bnc$2rdacarrier
=490  1\$aBiblioteca di Lettere italiane ;$v80
=504  \\$aIncludes bibliographical references (pages 115-123).
=600  10$aBoccaccio, Giovanni,$d1313-1375.$tDecamerone.$pGiornata decima.
=830  \0$aBiblioteca di "Lettere italiane" ;$v80.
=852  41$aBritish Library$bHMNTS$jPP.7617.ls(80)
=856  41$uhttp://digital.casalini.it/9788822284716
=CAT  \\$a11029$b40$c20220407$lBLL01$h0727
=CAT  \\$aW2308-1659$c20230923$lBLL01$h0952
=FIN  \\$aY$d20220407
=FMT  \\$a  BK
=LAS  \\$aW2308-1659$b00$c20230923$lBLL01$h0952
=SID  \\$aZ39$bOCLC

