=LDR  01545cam a22004217a 4500
=001  020553744
=003  Uk
=005  20230130152016.0
=008  220131s2022\\\\it\\\\\\\b\\\\101\0\ita\d
=020  \\$a9788859622406$qpaperback
=020  \\$a8859622409
=035  \\$a(OCoLC)1295441164
=040  \\$aC3L$beng$cC3L$dUk
=042  \\$aukblcatcopy
=050  \4$aPQ
=082  14$a868$214
=245  00$aGiovanni Spadolini e l'eredità di Vieusseux :$batti della giornata di studi (Fondazione Spadolini Nuova Antologia, 8 ottobre 2021) /$ca cura di Cosimo Ceccuti e Gloria Manghetti.
=264  \1$aFirenze :$bPolistampa,$c2022.
=300  \\$a44 p. ;$c24 cm.
=336  \\$atext$2rdacontent
=337  \\$aunmediated$2rdamedia
=338  \\$avolume$2rdacarrier
=490  0\$aCentro di studi sulla civiltà toscana fra '800 e '900. Nuova serie ;$v85
=500  \\$aProceedings of a meeting held in Florence, Italy, October 8, 2021.
=500  \\$aG. Spadolini (1925-1994).
=500  \\$aGiovan Pietro Viesseux (1779-1863).
=504  \\$aIncludes bibliographical references and index.
=700  1\$aCeccuti, Cosimo,$eeditor.
=700  1\$aManghetti, Gloria,$eeditor.
=852  41$aBritish Library$bHMNTS$jYF.2023.a.2074
=856  41$uhttp://digital.casalini.it/9788859622406
=985  \\$aAwaiting full record
=CAT  \\$a15954$b40$c20220413$lBLL01$h0912
=CAT  \\$aBATCH-ROF$b00$c20220416$lBLL01$h1728
=CAT  \\$a11056$b40$c20230130$lBLL01$h1520
=FMT  \\$a  BK
=LAS  \\$a11056$b40$c20230130$lBLL01$h1520
=SID  \\$aZ39$bOCLC

