=LDR  02703cam a22005177a 4500
=001  020577303
=003  Uk
=005  20220507172552.0
=008  201106s2021\\\\it\af\\\\b\\\\001\0\ita\d
=020  \\$a9788833137162$qpaperback
=020  \\$a8833137163
=035  \\$a(OCoLC)1303268489
=040  \\$aC3L$beng$cC3L$dFIE$dOCLCO$dOCLCF$dC3L$dUk
=042  \\$aukblcatcopy
=043  \\$ae-it---
=050  \4$aDS
=082  14$a940$214
=100  1\$aBaiardi, Marta,$eauthor.
=245  13$aLe tavole del ricordo :$bGuerre e Shoah nelle lapidi ebraiche a Firenze (1919-2020) /$cMarta Baiardi ; prefazione di Alberto Cavaglion.
=250  \\$aPrima edizione.
=264  \1$aRoma :$bViella,$c[2021]
=300  \\$a373 p., 20 unnumbered p. of plates :$bills. ;$c21 cm.
=336  \\$atext$2rdacontent
=337  \\$aunmediated$2rdamedia
=338  \\$avolume$2rdacarrier
=490  0\$aI libri di Viella ;$v381
=500  \\$aFlorence (Tuscany).
=504  \\$aIncludes bibliographical references and index.
=520  \\$aFrammenti rilevanti della nostra storia vivono nelle lapidi disseminate sui muri delle città, espressioni del potere dedito a costruire una memoria pubblica ma anche segni fragili destinati spesso all'invisibilità. Marmi, targhe e cippi sono le pagine di pietra di un sapere esposto poco conosciuto e poco interpretato, ma appassionante patrimonio da indagare per la storiografia. Proprio su questa esplorazione si fonda la presente ricerca, che sviluppa un'analisi puntuale delle lapidi ebraiche fiorentine attraverso la particolare prospettiva delle guerre del Novecento e della Shoah. Sono messi a fuoco i capitoli decisivi della storia e della memoria di una comunità vivace come quella locale, ma anche le complesse interazioni tra minoranza ebraica e società maggioritaria nelle tormentate vicende del secolo scorso. --$cProvided by publisher.
=650  \0$aJews$xPersecutions$zItaly$zFlorence.
=650  \0$aHolocaust memorials$zItaly$zFlorence.
=650  \6$aJuifs$xPersécutions$zItalie$zFlorence.
=650  \6$aMonuments de l'Holocauste$zItalie$zFlorence.
=650  \7$aHolocaust memorials.$2fast$0(OCoLC)fst00958834
=650  \7$aJews$xPersecutions.$2fast$0(OCoLC)fst00983322
=651  \7$aItaly$zFlorence.$2fast$0(OCoLC)fst01204699
=852  41$aBritish Library$bHMNTS$jYF.2022.a.9907
=856  41$uhttp://digital.casalini.it/9788833139654
=CAT  \\$a15954$b40$c20220504$lBLL01$h1631
=CAT  \\$a15954$b40$c20220504$lBLL01$h1632
=CAT  \\$a15954$b40$c20220504$lBLL01$h1635
=CAT  \\$aBATCH-ROF$b00$c20220507$lBLL01$h1725
=FIN  \\$aY$d20220504
=FMT  \\$a  BK
=LAS  \\$aBATCH-ROF$b00$c20220507$lBLL01$h1725
=SID  \\$aZ39$bOCLC

