=LDR  01931 am a2200517 i 4500
=001  019021258
=003  Uk
=005  20180816104323.0
=008  101203s2010\\\\it\\\\\\\b\\\\001\0\ita\d
=010  \\$a  2010468687
=020  \\$a9788861560604
=020  \\$a8861560601
=035  \\$a(OCoLC)690102061
=040  \\$aItFiC$beng$cDLC$dC3L$dHLS$dOCLCO$dOCLCQ$dOCLCO$dOCLCQ$dUk$dOCLCF$erda
=042  \\$aukblderived
=043  \\$ae-it---
=045  \\$ax0x4$ax4x-
=050  00$aPQ4001.S663$bL83 2010
=082  04$a805$221
=100  1\$aLudovico, Roberto.
=245  15$a"Una farfalla chiamata Solaria" tra l'Europa e il romanzo /$cRoberto Ludovico.
=260  \\$aPesaro (Italy) :$bMetauro,$c©2010.
=300  \\$a328 pages ;$c22 cm.
=336  \\$atext$btxt$2rdacontent
=337  \\$aunmediated$bn$2rdamedia
=338  \\$avolume$bnc$2rdacarrier
=490  1\$aStudi ;$v24
=504  \\$aIncludes bibliographical references (pages 313-319) and index.
=630  00$aSolaria (Florence, Italy)
=648  \7$a1900-1999$2fast
=650  \0$aItalian literature$xHistory and criticism$vPeriodicals.
=650  \7$aIntellectual life.$2fast$0(OCoLC)fst00975769
=650  \7$aItalian literature.$2fast$0(OCoLC)fst00980660
=651  \0$aFlorence (Italy)$xIntellectual life$y20th century.
=651  \7$aItaly$zFlorence.$2fast$0(OCoLC)fst01204699
=655  \7$aCriticism, interpretation, etc.$2fast$0(OCoLC)fst01411635
=655  \7$aPeriodicals.$2fast$0(OCoLC)fst01411641
=776  08$iOnline version:$aLudovico, Roberto.$tFarfalla chiamata Solaria" tra l'Europa e il romanzo.$w(OCoLC)742665705$dPesaro (Italy) : Metauro, ©2010
=830  \0$aStudi ;$v24.
=852  41$aBritish Library$bHMNTS$jYF.2018.a.14731
=856  41$uhttp://digital.casalini.it/9788861560604
=CAT  \\$a11131$b40$c20180816$lBLL01$h1043
=FIN  \\$aY$d20180816
=FMT  \\$a  BK
=LAS  \\$a11131$b40$c20180816$lBLL01$h1043
=SID  \\$aZ39$bOCLC

