=LDR  01537cam a2200457 i 4500
=001  019029132
=003  Uk
=005  20221209171937.0
=008  180228e201801\\sp\\\\\\\\\\\|0|0\0|spa\d
=020  \\$a9788491800712$qpaperback
=020  \\$a8491800719$qpaperback
=035  \\$a(OCoLC)1027631960
=040  \\$aC3L$beng$cC3L$dUk$erda
=050  \4$aHE
=082  14$a384$214
=100  1\$aMollá Furió, Diego,$eauthor.
=245  14$aLas claves de la producción de anuncios televisivos /$cDiego Mollá Furió.
=250  \\$aPrimera edición en lengua castellana.
=264  \1$aBarcelona :$bEditorial UOC,$cenero 2018.
=300  \\$a294 pages :$billustrations (black and white) ;$c24 cm
=336  \\$atext$2rdacontent
=337  \\$aunmediated$2rdamedia
=338  \\$avolume$2rdacarrier
=490  1\$aComunicación
=504  \\$aIncludes bibliographical references.
=650  \0$aTelevision advertising
=650  \0$aTelevision$xProduction and direction.
=830  \0$aComunicación (Editorial UOC)
=852  41$aBritish Library$bHMNTS$jYF.2022.a.4381
=856  42$uhttp://digital.casalini.it/9788491800712
=985  \\$aAC: 100=new.
=BUF  2\$aY2$d20181003
=CAT  \\$a9518$b40$c20180824$lBLL01$h1325
=CAT  \\$aBATCH-ROF$b00$c20180825$lBLL01$h1748
=CAT  \\$a11002$b40$c20181003$lBLL01$h1337
=CAT  \\$a15940$b40$c20220321$lBLL01$h0917
=CAT  \\$a7483$b40$c20221209$lBLL01$h1719
=FIN  \\$aY$d20221209
=FMT  \\$a  BK
=LAS  \\$a7483$b40$c20221209$lBLL01$h1719
=SID  \\$aZ39$bOCLC

