=LDR  01785cam a2200481 i 4500
=001  019074810
=003  Uk
=005  20190702110755.0
=008  180821s2018\\\\vc\\\\\\\bc\\|001\0\mul\d
=020  \\$a9788821010040$qpaperback
=020  \\$a882101004X$qpaperback
=035  \\$a(OCoLC)1050085066
=040  \\$aC3L$beng$cC3L$dXII$erda
=042  \\$aukblsr
=050  \4$aZ810.B43$bS78 v.527
=100  1\$aLindgren, Lowell,$ecompiler.
=245  14$aThe Barberini manuscripts of music /$cLowell Lindgren, Margaret Murata.
=264  \1$aCittà del Vaticano :$bBiblioteca apostolica vaticana,$c2018.
=300  \\$acviii, 636 pages ;$c26 cm.
=336  \\$atext$2rdacontent
=337  \\$aunmediated$2rdamedia
=338  \\$avolume$2rdacarrier
=490  1\$aStudi e testi ;$v527
=504  \\$aIncludes bibliographical references (pages 605-630) and indexes.
=546  \\$aText in English, Latin, Italian and French.
=600  30$aBarberini family$xLibrary$vCatalogs.
=610  20$aBiblioteca apostolica vaticana$vCatalogs.
=650  \0$aMusic$y17th century$xManuscripts$vCatalogs.
=650  \0$aMusic$y18th century$xManuscripts$vCatalogs.
=700  1\$aMurata, Margaret,$ecompiler.
=710  2\$aBiblioteca apostolica vaticana,$epublisher.
=830  \0$aStudi e testi (Biblioteca apostolica vaticana) ;$v527.
=852  41$aBritish Library$bHMNTS$j012211.b.1/527
=856  42$uhttp://digital.casalini.it/9788821010040
=CAT  \\$a5181$b40$c20181003$lBLL01$h1422
=CAT  \\$a8197$b40$c20181025$lBLL01$h1041
=CAT  \\$a6989$b40$c20190702$lBLL01$h0918
=CAT  \\$a6989$b40$c20190702$lBLL01$h1107
=CAT  \\$aW2308-1659$c20230923$lBLL01$h0959
=FIN  \\$aY$d20190702
=FMT  \\$a  BK
=LAS  \\$aW2308-1659$b00$c20230923$lBLL01$h0959
=SID  \\$aZ39$bOCLC

