=LDR  02317cam a2200613 i 4500
=001  019141256
=003  Uk
=005  20230623104850.0
=008  181109s2018\\\\sp\\\\\\\b\\\\000\0\spa\\
=010  \\$a  2018484953
=017  \\$aM 28958-2018$bOficina Depósito Legal Madrid
=020  \\$a9788491487975$q(paperback)
=020  \\$a8491487972
=035  \\$a(OCoLC)1059121759
=035  \\$a(OCoLC)1057003199
=040  \\$aDLC$beng$cDLC$dZCU$dOCLCF$dHLS$dEEM$dCUV$dC3L$dOCLCO$dOCL$dOCLCO$dUVA$erda
=042  \\$aukblcatcopy
=043  \\$ae-sp---
=050  \4$aKKT
=050  00$aKKT1639$b.B34 2018
=080  \\$a342.722(460)"18"
=082  14$a347$214
=100  1\$aBádenas Zamora, Antonio,$eauthor.
=245  14$aLos litigantes "miserables" ante la justicia de Fernando VII /$cAntonio Bádenas Zamora.
=264  \1$aMadrid :$bEditorial Dykinson,$c2018.
=300  \\$a142 pages ;$c24 cm
=336  \\$atext$btxt$2rdacontent
=337  \\$aunmediated$bn$2rdamedia
=338  \\$avolume$bnc$2rdacarrier
=504  \\$aIncludes bibliographical references (pages 123-142).
=648  \7$a1813-1833$2fast
=648  \7$a1800-1899$2fast
=650  \0$aLegal assistance to the poor$zSpain$xHistory.
=650  \0$aIn forma pauperis$zSpain$xHistory.
=650  \7$aLegal assistance to the poor.$2fast$0(OCoLC)fst00995420
=650  \7$aIn forma pauperis.$2fast$0(OCoLC)fst00968331
=650  \7$aPolitics and government.$2fast$0(OCoLC)fst01919741
=650  \7$aPoor laws.$2fast$0(OCoLC)fst01071211
=650  \7$aPublic welfare$xLaw and legislation.$2fast$0(OCoLC)fst01083290
=650  07$aJustícia$xAdministració$zEspanya$y1814-1833 : Ferran VII.$2lemac
=651  \0$aSpain$xPolitics and government$y1813-1833.
=651  \6$aEspagne$xPolitique et gouvernement$y1813-1833.
=651  \7$aSpain.$2fast$0(OCoLC)fst01204303
=655  \7$aHistory.$2fast$0(OCoLC)fst01411628
=852  41$aBritish Library$bHMNTS$jYF.2023.a.14810
=856  42$uhttp://digital.casalini.it/9788491488606
=CAT  \\$a5181$b40$c20181127$lBLL01$h1134
=CAT  \\$aBATCH-ROF$b00$c20181201$lBLL01$h1746
=CAT  \\$aBATCH-UPD$b00$c20200905$lBLL01$h1746
=CAT  \\$a15066$b40$c20230623$lBLL01$h1048
=FIN  \\$aY$d20230623
=FMT  \\$a  BK
=LAS  \\$a15066$b40$c20230623$lBLL01$h1048
=SID  \\$aZ39$bOCLC

