=LDR  02200cam a2200553 i 4500
=001  017743909
=003  Uk
=005  20190121131537.0
=008  060828s2002\\\\it\a\\\\\b\\\|0|0\0|ita\d
=015  \\$aGBB912603$2bnb
=020  \\$a8849119402$qpaperback
=020  \\$a9788849119404$qpaperback
=035  \\$a(OCoLC)275173272
=040  \\$aNz$beng$cUX0$dOCLCF$dOCLCO$dOCLCQ$dUk$erda
=042  \\$aukblsr
=043  \\$ae-it---
=045  \\$aw1w9$ax0x4
=050  \4$aR791.A6$bD76 2002
=082  04$a610$221
=100  1\$aDröscher, Ariane,$eauthor.
=245  13$aLe facoltà medico-chirurgiche italiane (1860-1915) :$brepertorio delle cattedre e degli stabilimenti annessi, dei docenti, dei liberi docenti e del personale scientifico /$cAriane Dröscher.
=264  \1$aBologna [Italia] :$bCLUEB,$c[2002]
=300  \\$a518 pages :$billustrations (black and white) ;$c27 cm +$e1 CD-Rom.
=336  \\$atext$btxt$2rdacontent
=337  \\$aunmediated$2rdamedia
=337  \\$acomputer$bc$2rdamedia
=338  \\$avolume$2rdacarrier
=338  \\$acomputer disc$2rdacarrier
=490  1\$aStudi / Centro interuniversitario per la storia delle università italiane ;$v4
=500  \\$aCD-Rom in pocket on inside back cover.
=500  \\$a"Catalogo dei nome e delle carriere in CD-Rom".
=504  \\$aIncludes bibliographical references.
=650  \0$aMedical colleges$zItaly$xFaculty$xHistory.
=650  \0$aMedical education$zItaly$xHistory.
=650  \7$aMedical colleges$xFaculty.$2fast$0(OCoLC)fst01013974
=650  \7$aMedical education.$2fast$0(OCoLC)fst01014024
=651  \7$aItaly.$2fast$0(OCoLC)fst01204565
=655  \7$aHistory.$2fast$0(OCoLC)fst01411628
=830  \0$aStudi (Centro interuniversitario per la storia delle università italiane) ;$v4.
=852  41$aBritish Library$bHMNTS$jEMF.2019.b.7
=856  40$uhttp://digital.casalini.it/8849119402
=CAT  \\$a9518$b40$c20160216$lBLL01$h1144
=CAT  \\$a7483$b40$c20190121$lBLL01$h1315
=CAT  \\$aBATCH-UPD$b40$c20211016$lBLL01$h1738
=CAT  \\$aW2308-1659$c20230923$lBLL01$h1005
=FIN  \\$aY$d20190121
=FMT  \\$a  BK
=LAS  \\$aW2308-1659$b00$c20230923$lBLL01$h1005
=SID  \\$aZ39$bOCLC

