=LDR  01986cam a22005057i 4500
=001  017743928
=003  Uk
=005  20160330111106.0
=008  110103s2010\\\\it\a\\\\\b\\\\100\0\ita\d
=020  \\$a9788849133226
=020  \\$a8849133227
=035  \\$a(OCoLC)694828608
=040  \\$aC3L$beng$cC3L$dHTV$dOCLCF$dOCLCO$dOCL$dOCLCQ$dUk
=042  \\$aukblderived
=043  \\$ae-it---
=050  \4$aLA797$b.D35 2010
=082  04$a378$221
=245  00$aDai collegi medievali alla residenze universitarie /$ca cura di Gian Paolo Brizzi, Antonello Mattone.
=260  \\$aBologna :$bCLUEB,$c2010.
=300  \\$a193 pages :$bcolor illustrations ;$c28 cm.
=336  \\$atext$btxt$2rdacontent
=337  \\$aunmediated$bn$2rdamedia
=338  \\$avolume$bnc$2rdacarrier
=490  1\$aStudi / Centro interuniversitario per la storia delle università italiane ;$v12
=500  \\$aProceedings of a conference held in Sassari, Italy, 2008.
=500  \\$aAlso cont. 1 text in Spanish.
=500  \\$aElectronic ed. avail. at the URL: http: / / digital.casalini.it/ 9788849133226.
=504  \\$aIncludes bibliographical references.
=650  \0$aUniversities and colleges$zItaly$xHistory$vCongresses.
=650  \7$aUniversities and colleges.$2fast$0(OCoLC)fst01161597
=651  \7$aItaly.$2fast$0(OCoLC)fst01204565
=655  \7$aConference papers and proceedings.$2fast$0(OCoLC)fst01423772
=655  \7$aHistory.$2fast$0(OCoLC)fst01411628
=700  1\$aBrizzi, Gian Paolo.
=700  1\$aMattone, Antonello.
=830  \0$aStudi (Centro interuniversitario per la storia delle università italiane) ;$v12.
=852  41$aBritish Library$bHMNTS$jYF.2016.b.659
=856  42$uhttp://digital.casalini.it/9788849133226
=CAT  \\$a9518$b40$c20160216$lBLL01$h1156
=CAT  \\$a11131$b40$c20160330$lBLL01$h1111
=CAT  \\$aW2308-1659$c20230923$lBLL01$h1005
=FIN  \\$aY$d20160330
=FMT  \\$a  BK
=LAS  \\$aW2308-1659$b00$c20230923$lBLL01$h1005
=SID  \\$aZ39$bOCLC

