=LDR  01869 am a2200481 i 4500
=001  018370251
=003  Uk
=005  20190509115830.0
=008  170524s2017\\\\it\a\\\\sbc\\|0|1\0|eng\d
=020  \\$a9788891308740$qhardback
=020  \\$a9788891313409$qdigital
=020  \\$a8891313408
=035  \\$a(OCoLC)988337484
=040  \\$aC3L$beng$cC3L$dUk$erda
=042  \\$aukblsr
=050  \4$aCJ
=245  00$aSylloge nummorum Graecorum.$pState Pushkin Museum of Fine Arts.$nVolume II,$pGreek coins of Italy and Sicily /$cby Sergei A. Kovalenko.
=246  30$aGreek coins of Italy and Sicily
=264  \1$aRoma :$b"L'Erma" di Bretschneider,$c[2017]
=300  \\$a133 pages :$billustrations (black and white) ;$c31 cm
=336  \\$atext$2rdacontent
=337  \\$aunmediated$2rdamedia
=338  \\$avolume$2rdacarrier
=500  \\$a"Published under auspices of the International Numismatic Committee."
=504  \\$aIncludes bibliographical references and indexes.
=530  \\$aAlso published electronically.
=610  20$aGosudarstvennyĭ muzeĭ izobrazitelʹnykh iskusstv imeni A.S. Pushkina$vCatalogs.
=650  \0$aCoins, Greek$zItaly$vCatalogs.
=650  \0$aCoins, Greek$zItaly$zSicily$vCatalogs.
=651  \0$aItaly$xAntiquities$vCatalogs.
=651  \0$aSicily (Italy)$xAntiquities$vCatalogs.
=700  1\$aKovalenko, S. A.,$eeditor.
=710  2\$aGosudarstvennyĭ muzeĭ izobrazitelʹnykh iskusstv imeni A.S. Pushkina.
=710  2\$aInternational Numismatic Council.
=852  41$aBritish Library$bHMNTS$jYD.2019.b.600
=856  42$uhttp://digital.casalini.it/9788891313409
=CAT  \\$a10904$b40$c20170608$lBLL01$h1434
=CAT  \\$aBATCH-ROF$b00$c20170610$lBLL01$h1750
=CAT  \\$a11250$b40$c20190509$lBLL01$h1158
=FIN  \\$aY$d20190509
=FMT  \\$a  BK
=LAS  \\$a11250$b40$c20190509$lBLL01$h1158
=SID  \\$aZ39$bOCLC

