=LDR  01905cam a2200541 a 4500
=001  015101446
=003  Uk
=005  20091102114812.0
=008  090330s2006\\\\it\a\\\\\b\\\\001\0\ita\\
=010  \\$a  2009422427
=020  \\$a9788854807914 (pbk.)
=020  \\$a8854807915 (pbk.)
=035  \\$a(OCoLC)313645902
=035  \\$a(ItFiC)it07613865
=040  \\$aDLC$beng$cDLC$dUk
=042  \\$aukblsr
=043  \\$ae-uk---
=045  \\$ax4x-
=050  00$aPE1129.I7$bA98 2006
=082  14$a421$221
=100  1\$aAzzaro, Gabriele.
=245  10$aSounds right :$bcomprensione, pronuncia, apprendimento dell'inglese L2 /$cGabriele Azzaro.
=250  \\$a1. ed.
=260  \\$aRoma :$bAracne,$c2006.
=300  \\$ax, 352 p. :$bill. ;$c24 cm.
=336  \\$atext$2rdacontent
=337  \\$aunmediated$2rdamedia
=338  \\$avolume$2rdacarrier
=490  0\$aScienze dell'antichità, filologico-letterarie e storico-artistiche ;$v210
=500  \\$aRev. ed. of: Speak no evil. Alessandria : Edizioni dell'Orso, 2001.
=500  \\$aElectronic ed. avail. at URL: http: / / digital.casalini.it/ 8854807915.
=504  \\$aIncludes bibliographical references (p. 295-349) and index.
=504  \\$aIncludes bibliographical references.
=650  \0$aEnglish language$xStudy and teaching$xItalian speakers.
=650  \0$aEnglish language$xPronunciation by foreign speakers.
=650  \0$aEnglish language$xAccents and accentuation.
=650  \0$aPhonetics.
=700  1\$aAzzaro, Gabriele.$tSpeak no evil.
=852  41$aBritish Library$bHMNTS$jYF.2009.a.33112
=856  42$uhttp://digital.casalini.it/8854807915
=CAT  \\$a8197$b40$c20090330$lBLL01$h1144
=CAT  \\$a7483$b40$c20091102$lBLL01$h1148
=CAT  \\$aW2308-1659$c20230923$lBLL01$h1016
=FIN  \\$aY$d20091102
=FMT  \\$a  BK
=LAS  \\$aW2308-1659$b00$c20230923$lBLL01$h1016
=SID  \\$aZ39$bOCLC
=SRC  \\$aBLL02

