=LDR  01884cam a2200469 a 4500
=001  015101494
=003  Uk
=005  20091127141501.0
=008  090302s2006\\\\it\a\\\\\b\\\\100\0\ita\d
=020  \\$a9788854804883 (pbk.)
=020  \\$a8854804886 (pbk.)
=035  \\$a(OCoLC)311810748
=040  \\$aC3L$beng$cC3L$dUk
=042  \\$aukblsr
=043  \\$ae-it---
=045  \\$ax4x-
=082  14$a781$221
=245  00$aPopular music :$bfare, ascoltare, insegnare /$ca cura di Fabrizio Deriu e Massimo Privitera.
=250  \\$a1. ed.
=260  \\$aRoma :$bAracne,$c2006.
=300  \\$a175 p. :$bill. ;$c24 cm.
=336  \\$atext$2rdacontent
=337  \\$aunmediated$2rdamedia
=338  \\$avolume$2rdacarrier
=500  \\$a"In questo volume sono riuniti gli interventi presentati alle due giornate di studio ... che il DAMS dell'Università della Calabria e il Conservatorio 'Stanislao Giacomantonio' di Cosenza hanno organizzato a Cosenza ed ad Arcavacata di Rende il 30 novembre e il 1 dicembre 2005 ..."--P. 7.
=504  \\$aIncludes bibliographical references.
=650  \0$aPopular music$xInstruction and study$zItaly$vCongresses.
=650  \0$aMusic$xInstruction and study$zItaly$vCongresses.
=700  1\$aDeriu, Fabrizio.
=700  1\$aPrivitera, Massimo.
=710  2\$aUniversità degli studi della Calabria.$bCorso di laurea in discipline delle arti, musica, e spettacolo.
=710  2\$aConservatorio "Stanislao Giacomantonio" di Cosenza.
=852  41$aBritish Library$bHMNTS$jYF.2009.a.35206
=856  42$uhttp://digital.casalini.it/8854804886
=CAT  \\$a8197$b40$c20090330$lBLL01$h1203
=CAT  \\$a12640$b40$c20091106$lBLL01$h1200
=CAT  \\$a6470$b40$c20091127$lBLL01$h1415
=CAT  \\$aW2308-1659$c20230923$lBLL01$h1016
=FIN  \\$aY$d20091106
=FMT  \\$a  BK
=LAS  \\$aW2308-1659$b00$c20230923$lBLL01$h1016
=SID  \\$aZ39$bOCLC

