=LDR  01596cam a2200457 a 4500
=001  015101572
=003  Uk
=005  20091120184523.0
=008  090302s2006\\\\it\\\\\\\b\\\\000\0\ita\d
=020  \\$a9788854806306 (pbk.)
=020  \\$a8854806307 (pbk.)
=035  \\$a(OCoLC)311810782
=040  \\$aC3L$beng$cC3L$dUk
=042  \\$aukblsr
=043  \\$ae-it---
=045  \\$av0w1$aw1w9
=082  14$a851$221
=100  1\$aAlbonico, Maria Cristina.
=245  13$aLa coltivazione dell'anice di Luigi Raineri /$cMaria Cristina Albonico.
=250  \\$a1. ed.
=260  \\$aRoma :$bAracne,$c2006.
=300  \\$a110 p. ;$c24 cm.
=336  \\$atext$2rdacontent
=337  \\$aunmediated$2rdamedia
=338  \\$avolume$2rdacarrier
=490  0\$aScienze dell'antichità, filologico-letterarie e storico-artistiche ;$v189
=500  \\$aElectronic ed. also avil. at the URL: http: / / digital.casalini.it/ 8854806307.
=504  \\$aIncludes bibliographical references.
=600  10$aRaineri, Luigi,$d1744-1820.$tColtivazione dell'Anice.
=650  \0$aItalian poetry$y18th century$xHistory and criticism.
=700  1\$aRaineri, Luigi,$d1744-1820.$tColtivazione dell'Anice.
=852  41$aBritish Library$bHMNTS$jYF.2009.a.34300
=856  42$uhttp://digital.casalini.it/8854806307
=CAT  \\$a8197$b40$c20090330$lBLL01$h1344
=CAT  \\$a7483$b40$c20091102$lBLL01$h0920
=CAT  \\$a11342$b40$c20091120$lBLL01$h1845
=CAT  \\$aW2308-1659$c20230923$lBLL01$h1016
=FIN  \\$aY$d20091102
=FMT  \\$a  BK
=LAS  \\$aW2308-1659$b00$c20230923$lBLL01$h1016
=SID  \\$aZ39$bOCLC

