=LDR  01684cam a2200505 a 4500
=001  015101576
=003  Uk
=005  20091015114437.0
=008  090309s2006\\\\it\\\\\\\b\\\\000\0\ita\d
=020  \\$a9788854805590 (pbk.)
=020  \\$a8854805599 (pbk.)
=035  \\$a(OCoLC)313645877
=040  \\$aC3L$beng$cC3L$dUk
=042  \\$aukblsr
=043  \\$ae-it---$ae------
=045  \\$aw1w9$ax0x4$ax4x-
=082  14$a809$221
=100  1\$aPagliano Ungari, Graziella.
=240  10$aWorks.$kSelections
=245  10$aClandestini di carta :$bavventure letterarie di donne, bambini, stranieri /$cGraziella Pagliano.
=250  \\$a1. ed.
=260  \\$aRoma :$bAracne,$c2006.
=300  \\$a304 p. ;$c25 cm.
=336  \\$atext$2rdacontent
=337  \\$aunmediated$2rdamedia
=338  \\$avolume$2rdacarrier
=500  \\$aCollection of already published writings.
=500  \\$a"A10/196"--Ser. t.p.
=504  \\$aIncludes bibliographical references.
=650  \0$aChildren in literature.
=650  \0$aLiterature, Modern$y19th century$xHistory and criticism.
=650  \0$aLiterature, Modern$y20th century$xHistory and criticism.
=650  \0$aStrangers in literature.
=650  \0$aWomen in literature.
=852  41$aBritish Library$bHMNTS$jYF.2009.a.29554
=856  42$uhttp://digital.casalini.it/8854805599
=985  \\$aRecord amended for WR# 13/070
=CAT  \\$a8197$b40$c20090330$lBLL01$h1347
=CAT  \\$a12640$b40$c20091015$lBLL01$h1144
=CAT  \\$aWR13_070$b00$c20130504$lBLL01$h0314
=CAT  \\$aW2308-1659$c20230923$lBLL01$h1017
=FIN  \\$aY$d20091015
=FMT  \\$a  BK
=LAS  \\$aW2308-1659$b00$c20230923$lBLL01$h1017
=SID  \\$aZ39$bOCLC

