=LDR  01571cam a2200457 a 4500
=001  015105090
=003  Uk
=005  20091120171956.0
=008  090309s2006\\\\it\\\\\\\b\\\\000\0\ita\d
=020  \\$a9788854805972 (pbk.)
=020  \\$a8854805971 (pbk.)
=035  \\$a(OCoLC)313645882
=040  \\$aC3L$beng$cC3L$dUk
=042  \\$aukblsr
=043  \\$ae-it---
=045  \\$av0w1$aw1w9
=082  14$a853$221
=100  1\$aDi Stefano, Alice.
=245  10$aSchiaffi, pugni e spranghe elettriche :$ble "Favole e novelle" di Giosuè Matteini /$cAlice Di Stefano.
=250  \\$a1. ed.
=260  \\$aRoma :$bAracne,$c2006.
=300  \\$a67 p. ;$c17 cm.
=336  \\$atext$2rdacontent
=337  \\$aunmediated$2rdamedia
=338  \\$avolume$2rdacarrier
=490  0\$aA10 ;$v183.
=500  \\$aFull title of series: Scienze dell'antichità, filologico-letterarie e storico-artistiche.
=500  \\$aElectronic ed. avail. at the URL: http: / / digital.casalini.it/ 8854805971.
=504  \\$aIncludes bibliographical references.
=600  10$aMatteini, Giosuè,$d1763-1818.$tFavole e novelle.
=852  41$aBritish Library$bHMNTS$jYF.2009.a.34190
=856  42$uhttp://digital.casalini.it/8854805971
=CAT  \\$a8197$b40$c20090401$lBLL01$h0918
=CAT  \\$a7483$b40$c20091029$lBLL01$h1125
=CAT  \\$a6470$b40$c20091120$lBLL01$h1719
=CAT  \\$aBATCH-UPD$b40$c20091123$lBLL01$h2054
=CAT  \\$aW2308-1659$c20230923$lBLL01$h1017
=FIN  \\$aY$d20091029
=FMT  \\$a  BK
=LAS  \\$aW2308-1659$b00$c20230923$lBLL01$h1017
=SID  \\$aZ39$bOCLC

