=LDR  01599cam a2200505 a 4500
=001  015114051
=003  Uk
=005  20091117114212.0
=008  090330s2006\\\\it\\\\\\\b\\\\001\0\ita\\
=010  \\$a  2009432446
=020  \\$a9788854807853 (pbk.)
=020  \\$a8854807850 (pbk.)
=035  \\$a(OCoLC)313645910
=035  \\$a(ItFiC)it07614160
=040  \\$aDLC$beng$cDLC$dUk
=041  0\$aita$afre
=042  \\$aukblsr
=043  \\$ae-fr---
=050  00$aPQ145.1.H8$bA46 2006
=082  14$a443$221
=100  1\$aAlocco Bianco, Luciana.
=245  10$aRicerche sul corpo e sul cuore /$cLuciana Alocco Bianco.
=250  \\$a1. ed.
=260  \\$aRoma :$bAracne,$c2006.
=300  \\$a163 p. ;$c25 cm.
=336  \\$atext$2rdacontent
=337  \\$aunmediated$2rdamedia
=338  \\$avolume$2rdacarrier
=500  \\$aCollection of writings partly already published, now revised and enlarged.
=500  \\$a"A10/208"--Ser. t.p.
=504  \\$aIncludes bibliographical references (p. [147]-157) and index.
=546  \\$aText in Italian with passages in French.
=650  \0$aFrench literature$xHistory and criticism.
=650  \0$aHuman body in literature.
=650  \0$aLove in literature.
=852  41$aBritish Library$bHMNTS$jYF.2009.a.33659
=856  42$uhttp://digital.casalini.it/8854807850
=CAT  \\$a8197$b40$c20090417$lBLL01$h1602
=CAT  \\$a12640$b40$c20091117$lBLL01$h1142
=CAT  \\$aW2308-1659$c20230923$lBLL01$h1018
=FIN  \\$aY$d20091117
=FMT  \\$a  BK
=LAS  \\$aW2308-1659$b00$c20230923$lBLL01$h1018
=SID  \\$aZ39$bOCLC
=SRC  \\$aBLL02

