=LDR  01582cam a2200445 a 4500
=001  015114056
=003  Uk
=005  20100304154652.0
=008  090309s2006\\\\it\a\\\\\b\\\\000\0\ita\d
=020  \\$a9788854805019 (pbk.)
=020  \\$a8854805017 (pbk.)
=035  \\$a(OCoLC)313645868
=040  \\$aC3L$beng$cC3L$dUk
=042  \\$aukblsr
=043  \\$ae-it---
=045  \\$ax4x-
=082  14$a791$221
=245  00$aLezioni d'autore :$bla settima arte /$c[a cura di] Emilio Lonero, Donatella Pacelli ; prolusione di Oscar Luigi Scalfaro ; prefazione di Furio Scarpelli ; interviste agli autori di Massimo Nardini.
=250  \\$a1. ed.
=260  \\$aRoma :$bAracne,$c2006.
=300  \\$a324 p. :$bill. ;$c24 cm.
=336  \\$atext$2rdacontent
=337  \\$aunmediated$2rdamedia
=338  \\$avolume$2rdacarrier
=490  0\$aScienze dell'antichità, filologico-letterarie e storico-artistiche ;$v176
=500  \\$aLectures, Rome, 2004-2005.
=500  \\$aElectronic ed. avail. at: http./ / digital. casalini.it/ 8854805017.
=504  \\$aIncludes bibliographical references.
=650  \0$aAuthors, Italian$y20th century$vInterviews.
=700  1\$aLonero, Emilio.
=700  1\$aPacelli, Donatella.
=852  41$aBritish Library$bHMNTS$jYF.2010.a.7178
=856  42$uhttp://digital.casalini.it/8854805017
=CAT  \\$a8197$b40$c20090417$lBLL01$h1605
=CAT  \\$a7483$b40$c20100304$lBLL01$h1546
=CAT  \\$aW2308-1659$c20230923$lBLL01$h1018
=FIN  \\$aY$d20100304
=FMT  \\$a  BK
=LAS  \\$aW2308-1659$b00$c20230923$lBLL01$h1018
=SID  \\$aZ39$bOCLC

