=LDR  01516cam a2200469 a 4500
=001  015115978
=003  Uk
=005  20091113122842.0
=008  090316s2006\\\\it\\\\\\\b\\\\000\0\ita\d
=020  \\$a9788854807792 (pbk.)
=020  \\$a8854807796 (pbk.)
=035  \\$a(OCoLC)316002393
=040  \\$aC3L$beng$cC3L$dPUL$dIXA$dUk
=041  0\$aita$afre
=042  \\$aukblsr
=043  \\$ae-it---$ae-fr---
=045  \\$ax0x4$ax4x-
=050  14$aPQ4835.I7$bS48335 2006
=082  14$a843$221
=100  1\$aCioce, Antonella.
=245  10$aRealtà romanzesca e dissimulazione ironica :$bLuigi Pirandello e André Gide /$cAntonella Cioce.
=250  \\$a1. ed.
=260  \\$aRoma :$bAracne,$c2006.
=300  \\$a189 p. ;$c24 cm.
=336  \\$atext$2rdacontent
=337  \\$aunmediated$2rdamedia
=338  \\$avolume$2rdacarrier
=500  \\$a"A10/207"--Half t.p.
=504  \\$aIncludes bibliographical references (p. 161-189).
=546  \\$aText in Italian with passages in French.
=600  10$aPirandello, Luigi,$d1867-1936.$tSi gira.
=600  10$aGide, André,$d1869-1951.$tCaves du Vatican.
=650  \0$aIrony in literature.
=852  41$aBritish Library$bHMNTS$jYF.2009.a.33471
=856  42$uhttp://digital.casalini.it/8854807796
=CAT  \\$a8197$b40$c20090421$lBLL01$h1101
=CAT  \\$a12640$b40$c20091113$lBLL01$h1228
=CAT  \\$aW2308-1659$c20230923$lBLL01$h1018
=FIN  \\$aY$d20091113
=FMT  \\$a  BK
=LAS  \\$aW2308-1659$b00$c20230923$lBLL01$h1018
=SID  \\$aZ39$bOCLC

