=LDR  01610cam a2200481 a 4500
=001  015119202
=003  Uk
=005  20100114111013.0
=008  090323s2006\\\\it\a\\\\\b\\\\000\0\ita\d
=020  \\$a9788854807778 (pbk.)
=020  \\$a885480777X (pbk.)
=035  \\$a(OCoLC)316827414
=040  \\$aC3L$beng$cC3L$dUk
=041  0\$aita$aeng
=042  \\$aukblsr
=043  \\$ae-uk---$an-us---$ama-----
=045  \\$ax4x-
=082  14$a809$221
=100  1\$aCariello, Marta.
=245  10$aCorpi migranti tra le sponde delle lingue :$buno studio su tre autrici anglofone del mondo arabo /$cMarta Cariello.
=250  \\$a1. ed.
=260  \\$aRoma :$bAracne,$c2006.
=300  \\$a163 p. :$b1 ill. ;$c24 cm.
=336  \\$atext$2rdacontent
=337  \\$aunmediated$2rdamedia
=338  \\$avolume$2rdacarrier
=500  \\$a"A10/206"--Ser. t.p.
=504  \\$aIncludes bibliographical references.
=546  \\$aText in Italian with passages in English.
=600  10$aSoueif, Ahdaf$xCriticism and interpretation.
=600  10$aFaqir, Fadia,$d1956-$xCriticism and interpretation.
=600  10$aAbu-Jaber, Diana$xCriticism and interpretation.
=650  \0$aHuman body in literature.
=852  41$aBritish Library$bHMNTS$jYF.2010.a.1656
=856  42$uhttp://digital.casalini.it/885480777X
=CAT  \\$a8197$b40$c20090423$lBLL01$h1331
=CAT  \\$a12640$b40$c20091217$lBLL01$h1713
=CAT  \\$a12181$b40$c20100114$lBLL01$h1110
=CAT  \\$aW2308-1659$c20230923$lBLL01$h1018
=FIN  \\$aY$d20091217
=FMT  \\$a  BK
=LAS  \\$aW2308-1659$b00$c20230923$lBLL01$h1018
=SID  \\$aZ39$bOCLC

