=LDR  01520cam a2200445 a 4500
=001  015119203
=003  Uk
=005  20091217172542.0
=008  090323s2007\\\\it\\\\\\\b\\\\000\0dita\d
=020  \\$a9788854808577 (pbk.)
=020  \\$a8854808571 (pbk.)
=035  \\$a(OCoLC)316827417
=040  \\$aC3L$beng$cC3L$dUk
=042  \\$aukblsr
=043  \\$ae-it---
=045  \\$at0u9
=082  14$a945$221
=100  1\$aManiscalco, Maria.
=245  10$a"Voi leggetegli con gran certezza ch'io ve gli lascio per mera carità" :$b'Avvertimenti cristiani' di Argisto Giuffredi /$cMaria Maniscalco.
=246  13$a"Voi leggetegli con gran certezza c'io ve gli lascio per mera carità"
=250  \\$a1. ed.
=260  \\$aRoma :$bAracne,$c2007.
=300  \\$a81 p. ;$c24 cm.
=336  \\$atext$2rdacontent
=337  \\$aunmediated$2rdamedia
=338  \\$avolume$2rdacarrier
=500  \\$a"A10/241"--Ser. t.p.
=504  \\$aIncludes bibliographical references.
=600  10$aGiuffredi, Argisto,$dapproximately 1535-1593.$tAvvertimenti cristiani.
=852  41$aBritish Library$bHMNTS$jYF.2009.a.38079
=856  42$uhttp://digital.casalini.it/9788854808577
=985  \\$aRecord amended for WR# 13/070
=CAT  \\$a8197$b40$c20090423$lBLL01$h1333
=CAT  \\$a12640$b40$c20091217$lBLL01$h1725
=CAT  \\$aWR13_070$b00$c20130504$lBLL01$h0315
=CAT  \\$aW2308-1659$c20230923$lBLL01$h1018
=FIN  \\$aY$d20091217
=FMT  \\$a  BK
=LAS  \\$aW2308-1659$b00$c20230923$lBLL01$h1018
=SID  \\$aZ39$bOCLC

