=LDR  01296cam a2200409 a 4500
=001  015285558
=003  Uk
=005  20100129173455.0
=008  080317s2007\\\\it\a\\\\\bs\\\000\0\ita\d
=020  \\$a9788889637210 (pbk.)
=020  \\$a8889637218 (pbk.)
=035  \\$a(OCoLC)213458439
=040  \\$aC3L$beng$cC3L$dUk
=042  \\$aukblsr
=043  \\$ae-it---
=045  \\$ax4x-
=082  14$a070$221
=245  00$aRapporto sullo stato dell'editoria in Italia, 2007.
=260  \\$aMilano :$bEdiser,$cc2007.
=300  \\$a131 p. :$bcol. ill. ;$c24 cm.
=336  \\$atext$2rdacontent
=337  \\$aunmediated$2rdamedia
=338  \\$avolume$2rdacarrier
=490  0\$aGiornale della libreria. Quaderni ;$v16-17
=504  \\$aIncludes bibliographical references.
=650  \0$aPublishers and publishing$zItaly.
=650  \0$aPublishers and publishing$zItaly$vStatistics.
=710  2\$aAssociazione italiana editori.
=852  41$aBritish Library$bHMNTS$jYF.2010.a.3606
=856  42$uhttp://digital.casalini.it/9788889637210
=CAT  \\$a10926$b40$c20090609$lBLL01$h1356
=CAT  \\$a12640$b40$c20100129$lBLL01$h1734
=CAT  \\$aW2308-1659$c20230923$lBLL01$h1020
=FIN  \\$aY$d20100129
=FMT  \\$a  BK
=LAS  \\$aW2308-1659$b00$c20230923$lBLL01$h1020
=SID  \\$aZ39$bOCLC

