=LDR  02106cam a2200553 i 4500
=001  016861839
=003  Uk
=005  20141009110458.0
=008  130916s2013\\\\it\a\\\\\b\\\|0|0\0|eng\\
=020  \\$a9788866553366 (print)
=020  \\$a8866553360 (print)
=020  \\$z9788866553373 (online PDF)
=020  \\$z9788866553380 (online EPUB)
=035  \\$a(OCoLC)858277453
=040  \\$aC3L$beng$cC3L$dOCLCO$dOCLCQ$dUk$erda
=041  0\$aeng$bita
=042  \\$aukblsr
=043  \\$ae-it---
=045  \\$ax4x-
=050  \4$aHB
=082  04$a337$221
=100  1\$aCrouch, Colin,$d1944-$eauthor.
=245  10$aEurope and problems of marketization :$bfrom Polanyi to Scharpf /$cColin Crouch ; presentazione: Franca Alacevich.
=264  \1$aFirenze, Italy :$bFirenze University Press,$c2013.
=300  \\$a64 pages :$billustrations (black and white) ;$c17 cm.
=336  \\$atext$btxt$2rdacontent
=337  \\$aunmediated$bn$2rdamedia
=338  \\$avolume$bnc$2rdacarrier
=490  1\$aLectio magistralis ;$v4
=500  \\$aUniversity lecture.
=500  \\$aHalf title: Lezioni e letture della Facoltà di scienze politiche "Cesare Alfieri".
=504  \\$aIncludes bibliographical references.
=530  \\$aAlso available online.
=546  \\$aTitle page and text of lecture in English, introduction in Italian.
=651  \0$aEuropean Union countries$xEconomic integration$y21st century.
=651  \0$aEuropean Union countries$xEconomic policy$y21st century.
=651  \0$aEuropean Union countries$xSocial policy$y21st century.
=710  2\$aFacoltà di scienze politiche "Cesare Alfieri".
=830  \0$aLectio magistralis ;$v4.
=852  41$aBritish Library$bHMNTS$jYD.2014.a.3221
=856  41$uhttp://digital.casalini.it/9788866553373
=CAT  \\$a11131$b40$c20140908$lBLL01$h1401
=CAT  \\$a8964$b40$c20141009$lBLL01$h1104
=CAT  \\$aBATCH-UPD$b40$c20141009$lBLL01$h1115
=CAT  \\$aBATCH-UPD$b40$c20180516$lBLL01$h2044
=CAT  \\$aW2308-1659$c20230923$lBLL01$h1026
=FMT  \\$a  BK
=LAS  \\$aW2308-1659$b00$c20230923$lBLL01$h1026
=SID  \\$aZ39$bOCLC

