=LDR  01539cam a22004337a 4500
=001  013608979
=003  Uk
=005  20070730114419.0
=008  060918s2006\\\\it\a\\\\\b\\\\100\0\ita\d
=020  \\$a9788884534620 (pbk.)
=020  \\$a8884534623 (pbk.)
=035  \\$a(OCoLC)71364478
=040  \\$aC3L$cC3L$dUk
=043  \\$ae-it---
=045  \\$ax4x-
=245  00$aGestione delle raccolte e cooperazione nella biblioteca ibrida :$batti del convegno, Firenze, 13 ottobre 2005 /$ca cura di Nicola Benvenuti, Rossana Morriello.
=260  \\$aFirenze :$bFirenze University Press,$c2006.
=300  \\$av, 112 p. :$bill. ;$c24 cm.
=336  \\$atext$2rdacontent
=337  \\$aunmediated$2rdamedia
=338  \\$avolume$2rdacarrier
=490  1\$aAtti ;$v25
=504  \\$aIncludes bibliographical references.
=650  \0$aCollection development (Libraries)$zItaly$vCongresses.
=650  \0$aLibrary cooperation$zItaly$vCongresses.
=650  \0$aLibrary information networks$zItaly$vCongresses.
=700  1\$aBenvenuti, Nicola.
=700  1\$aMorriello, Rossana.
=830  \0$aAtti (Firenze University Press) ;$v25.
=852  41$aBritish Library$bHMNTS$jYF.2007.a.20840
=856  42$uhttp://digital.casalini.it/8884534615
=CAT  \\$a11375$b40$c20061122$lBLL01$h1144
=CAT  \\$a5521$b40$c20070711$lBLL01$h1045
=CAT  \\$a7416$b40$c20070730$lBLL01$h1144
=CAT  \\$aW2308-1659$c20230923$lBLL01$h1031
=FIN  \\$aY$d20070711
=FMT  \\$a  BK
=LAS  \\$aW2308-1659$b00$c20230923$lBLL01$h1031
=SID  \\$aZ39$bOCLC

