=LDR  01863cam a2200493 a 4500
=001  013612341
=003  Uk
=005  20070112072634.0
=008  060529s2005\\\\it\a\\\\\\\\\\001\0\ita\d
=020  \\$a8884533015 :$c50.00.
=035  \\$a(ICU)hz6001287
=040  \\$aItFiC$beng$cItFiC$dUk
=043  \\$ae-it
=045  \\$at0u9
=050  \4$aNA2515.N64$bP45 2005
=082  14$a720$221
=100  1\$aPellicanò, Antonino,$d1947-
=245  10$aDa Galileo Galilei a Cosimo Noferi :$bverso una nuova scienza : La travagliata architettura un inedito trattato galileiano nella Firenze del 1650 /$cAntonino Pellicanò.
=260  \\$aFirenze :$bFirenze University Press,$c2005.
=300  \\$axv, 502 p. :$bill. ;$c30 cm.
=336  \\$atext$2rdacontent
=337  \\$aunmediated$2rdamedia
=338  \\$avolume$2rdacarrier
=490  1\$aMonografie. Scienze tecnologiche ;$v10
=500  \\$aIncl. (p. 137-467) Travagliata architettura by C. Noferi (ca. 1635-ca. 1660), publ. for the first time.
=500  \\$aG. Galilei (1564-1642).
=504  \\$aIncludes bibliographical references.
=600  10$aNoferi, Cosimo.$tTravaliata architettura.
=600  10$aGalilei, Galileo,$d1564-1642.
=650  \0$aArchitecture$vEarly works to 1800.
=830  \0$aMonografie.$pScienze tecnologiche ;$v10
=852  41$aBritish Library$bHMNTS$jYF.2007.b.255
=856  42$uhttp://digital.casalini.it/8884533007
=CAT  \\$a6191$b40$c20061128$lBLL01$h1455
=CAT  \\$a11002$b40$c20070112$lBLL01$h0726
=CAT  \\$aBATCH-UPD$b40$c20070714$lBLL01$h1709
=CAT  \\$aBATCH$b00$c20091217$lBLL01$h0439
=CAT  \\$aBATCH$b00$c20100103$lBLL01$h1233
=CAT  \\$aBATCH-UPD$b00$c20130414$lBLL01$h2235
=CAT  \\$aW2308-1659$c20230923$lBLL01$h1032
=FIN  \\$aY$d20070112
=FMT  \\$a  BK
=LAS  \\$aW2308-1659$b00$c20230923$lBLL01$h1032
=SID  \\$aZ39$bRLG

