=LDR  01847cam a2200517 a 4500
=001  013667511
=003  Uk
=005  20070228114425.0
=008  061212s2006\\\\it\a\\\\\b\\\\101\0\ita\d
=020  \\$a9788879234474 (pbk.)
=020  \\$a8879234471 (pbk.)
=035  \\$a(OCoLC)76960169
=040  \\$aC3L$cC3L$dUk
=041  0\$aita$aeng
=042  \\$aukblsr
=043  \\$ae-it---
=045  \\$ao0s9
=082  14$a850$221
=245  00$aFirenze alla vigilia del Rinascimento :$bAntonio Pucci e i suoi contemporanei : atti del convegno di Montreal, 22-23 ottobre 2004, McGill University /$ca cura di Maria Bendinelli Predelli.
=260  \\$aFiesole (Firenze) :$bCadmo,$cc2006.
=300  \\$a490 p. :$bill. ;$c24 cm.
=336  \\$atext$2rdacontent
=337  \\$aunmediated$2rdamedia
=338  \\$avolume$2rdacarrier
=500  \\$aProceedings.
=500  \\$aA. Pucci (1309-1388).
=500  \\$aFlorence (Tuscany).
=504  \\$aIncludes bibliographical references and index.
=546  \\$aTexts in English or Italian.
=546  \\$aItalian, English.
=600  10$aPucci, Antonio,$dapproximately 1310-1388$xCriticism and interpretation$vCongresses.
=651  \0$aFlorence (Italy)$xIntellectual life$vCongresses.
=700  1\$aBendinelli Predelli, M.$q(Maria).
=852  41$aBritish Library$bHMNTS$jYF.2007.a.6294
=856  42$uhttp://digital.casalini.it/8879234471
=985  \\$aRecord amended for WR# 13/070
=CAT  \\$a11375$b40$c20070208$lBLL01$h0907
=CAT  \\$a11312$b40$c20070228$lBLL01$h1144
=CAT  \\$aWR13_070$b00$c20130504$lBLL01$h0249
=CAT  \\$aBATCH-UPD$b00$c20140330$lBLL01$h2220
=CAT  \\$aBATCH-UPD$b00$c20171116$lBLL01$h2158
=CAT  \\$aW2308-1659$c20230923$lBLL01$h1035
=FIN  \\$aY$d20070228
=FMT  \\$a  BK
=LAS  \\$aW2308-1659$b00$c20230923$lBLL01$h1035
=SID  \\$aZ39$bOCLC

