=LDR  01457cam a2200433 a 4500
=001  015331179
=003  Uk
=005  20100216090909.0
=008  090720s2009\\\\it\af\\\\b\\\\001\0dita\d
=020  \\$a9788859605973 (pbk.)
=020  \\$a8859605970 (pbk.)
=035  \\$a(OCoLC)426797506
=040  \\$aC3L$beng$cC3L$dUk
=042  \\$aukblsr
=043  \\$ae-it---
=045  \\$ax4x-
=100  1\$aFidolini, Marco,$d1945-
=245  13$aUn grande mestiere amaro :$bmemorie, testimonianze e riflessioni di un pittore /$cMarco Fidolini.
=260  \\$aFirenze :$bPolistampa,$cc2009.
=300  \\$a142 p., [16]p. of plates :$bill. (some col.) ;$c24 cm.
=336  \\$atext$2rdacontent
=337  \\$aunmediated$2rdamedia
=338  \\$avolume$2rdacarrier
=504  \\$aIncludes bibliographical references and index.
=530  \\$aAlso available via the Internet.
=600  10$aFidolini, Marco,$d1945-
=600  10$aFidolini, Marco,$d1945-$xFriends and associates.
=650  \0$aArt, Italian$y20th century.
=650  \0$aArtists$zItaly.
=852  41$aBritish Library$bHMNTS$jYF.2010.a.5825
=856  42$uhttp://digital.casalini.it/9788859605973
=CAT  \\$a11375$b40$c20090721$lBLL01$h1415
=CAT  \\$a5521$b40$c20100212$lBLL01$h1214
=CAT  \\$a5521$b40$c20100216$lBLL01$h0909
=CAT  \\$aW2308-1659$c20230923$lBLL01$h1044
=FIN  \\$aY$d20100212
=FMT  \\$a  BK
=LAS  \\$aW2308-1659$b00$c20230923$lBLL01$h1044
=SID  \\$aZ39$bOCLC

