=LDR  01681cam a2200493 a 4500
=001  015350667
=003  Uk
=005  20100122120504.0
=008  090914s2008\\\\it\a\\\\\bs\\\000\0\ita\\
=010  \\$a2009492643
=020  \\$a9788889637326 (pbk.)
=020  \\$a8889637323 (pbk.)
=020  \\$a9788889637333 (digital)
=035  \\$a(OCoLC)426796428
=040  \\$aDLC$beng$cDLC$dUk
=042  \\$aukblsr
=043  \\$ae-it---
=045  \\$ax4x-
=050  00$aZ1003.5.I8$bV53 2008
=245  03$aLa via italiana alla promozione :$bil caso di Ottobre piovono libri.
=260  \\$aMilano :$bAssociazione italiana editori,$cc2008.
=300  \\$a94 p. :$bcol. ill. ;$c24 cm.
=336  \\$atext$2rdacontent
=337  \\$aunmediated$2rdamedia
=338  \\$avolume$2rdacarrier
=490  0\$aQG, Giornale della libreria ;$v22
=500  \\$a"Studi e ricerche realizzate dall'Ufficio studi dell'Associazione italiana editori"--t.p. verso.
=504  \\$aIncludes bibliographical references.
=530  \\$aAlso available via the Internet.
=610  20$aOttobre piovono libri (Project)
=650  \0$aReading promotion$zItaly.
=650  \0$aBooks and reading$zItaly.
=650  \0$aBooks and reading$zItaly$vStatistics.
=710  2\$aAssociazione italiana editori.$bUfficio studi.
=852  41$aBritish Library$bHMNTS$jYF.2010.a.2988
=856  42$uhttp://digital.casalini.it/9788889637333
=CAT  \\$a8197$b40$c20090818$lBLL01$h0832
=CAT  \\$a5521$b40$c20100122$lBLL01$h1205
=CAT  \\$aW2308-1659$c20230923$lBLL01$h1046
=FIN  \\$aY$d20100122
=FMT  \\$a  BK
=LAS  \\$aW2308-1659$b00$c20230923$lBLL01$h1046
=SID  \\$aZ39$bOCLC
=SID  \\$aZ39$bLOC

