=LDR  01511 am a2200445 a 4500
=001  015350672
=003  Uk
=005  20100122120959.0
=008  091022s2008\\\\it\a\\\\\bs\\\000\0\ita\\
=010  \\$a2009515004
=020  \\$a9788889637302 (pbk.)
=020  \\$a8889637307 (pbk.)
=020  \\$a9788889637319 (digital)
=040  \\$aDLC$beng$cDLC$dUk
=042  \\$aukblsr
=043  \\$acl-----
=050  00$aZ490$b.B37 2008
=100  1\$aBarbisan, Ilaria.
=245  12$aL'editoria in America Latina /$c[di Ilaria Barbisan].
=260  \\$aMilano :$bAssociazione italiana editori,$cc2008.
=300  \\$a96 p. :$bcol. ill. ;$c24 cm.
=336  \\$atext$2rdacontent
=337  \\$aunmediated$2rdamedia
=338  \\$avolume$2rdacarrier
=490  0\$aQG, Giornale della libreria ;$v21
=504  \\$aIncludes bibliographical references (p. 94-95).
=530  \\$aAlso available via the Internet.
=650  \0$aPublishers and publishing$zLatin America.
=650  \0$aBook industries and trade$zLatin America.
=650  \0$aPublishers and publishing$zLatin America$vStatistics.
=650  \0$aBook industries and trade$zLatin America$vStatistics.
=710  2\$aAssociazione italiana editori.
=852  41$aBritish Library$bHMNTS$jYF.2010.a.3042
=856  42$uhttp://digital.casalini.it/9788889637319
=CAT  \\$a8197$b40$c20090818$lBLL01$h0835
=CAT  \\$a5521$b40$c20100122$lBLL01$h1209
=FIN  \\$aY$d20100122
=FMT  \\$a  BK
=LAS  \\$a5521$b40$c20100122$lBLL01$h1209
=SID  \\$aZ39$bLOC

