=LDR  01398cam a2200421 a 4500
=001  015369811
=003  Uk
=005  20100413121911.0
=008  090706s2009\\\\it\a\\\\\b\\\\000\0\ita\d
=020  \\$a9788859606017 (pbk.)
=020  \\$a8859606012 (pbk.)
=035  \\$a(OCoLC)422690027
=040  \\$aC3L$beng$cC3L$dUk
=042  \\$aukblsr
=043  \\$ae-it---
=045  \\$aw1w9$ax0x4$ax4x-
=050  14$aHS780.I82$bF57145 2009
=100  1\$aDini, Olinto,$d1926-
=245  10$aLoggia Concordia, 1861-2000 :$bi massoni a Firenze /$cOlinto Dini.
=260  \\$aFirenze :$bPolistampa,$cc2009.
=300  \\$a226 p. :$bill. ;$c24 cm.
=336  \\$atext$2rdacontent
=337  \\$aunmediated$2rdamedia
=338  \\$avolume$2rdacarrier
=504  \\$aIncludes bibliographical references.
=530  \\$aAlso available via the Internet.
=610  20$aScottish Rite (Masonic order).$bLoggia Concordia (Italy)$xHistory.
=610  20$aFreemasons$zItaly$zFlorence$xHistory.
=650  \0$aFreemasonry$zItaly$zFlorence$xHistory.
=852  41$aBritish Library$bHMNTS$jYF.2010.a.10780
=856  42$uhttp://digital.casalini.it/9788859606017
=CAT  \\$a11375$b40$c20090914$lBLL01$h1248
=CAT  \\$a5521$b40$c20100413$lBLL01$h1219
=CAT  \\$aW2308-1659$c20230923$lBLL01$h1047
=FIN  \\$aY$d20100413
=FMT  \\$a  BK
=LAS  \\$aW2308-1659$b00$c20230923$lBLL01$h1047
=SID  \\$aZ39$bOCLC

