=LDR  01619cam a2200469 a 4500
=001  015403823
=003  Uk
=005  20101203145003.0
=008  090720s2008\\\\it\a\\\\\b\\\\001\0bita\d
=020  \\$a9788849130652 (pbk.)
=020  \\$a8849130651 (pbk.)
=035  \\$a(OCoLC)426794749
=040  \\$aC3L$beng$cC3L$dPAU$dUk
=042  \\$aukblsr
=043  \\$ae-it---
=045  \\$ao0s9$at0u9
=050  \4$aKKH110.M36$bA3 2008
=082  14$a945$221
=245  02$aI Memoriali dei Mamellini, notai bolognesi :$blegami familiari, vita quotidiana, realtà politica, secc. XV-XVI /$ca cura di Cinzia Ferretti.
=260  \\$aBologna :$bCLUEB,$cc2008.
=300  \\$aclxx, 353 p. :$bill. ;$c24 cm.
=336  \\$atext$2rdacontent
=337  \\$aunmediated$2rdamedia
=338  \\$avolume$2rdacarrier
=490  0\$aBologna medievale ieri e oggi ;$v7
=500  \\$aCritical ed.
=500  \\$aBologna (Emilia Romagna).
=500  \\$aElectronic ed. also avail. at the URL: http: / / digital.casalini.it/ 9788849130652.
=504  \\$aIncludes bibliographical references and index.
=600  30$aMamellini family$vDiaries.
=650  \0$aNotaries$zItaly$zBologna$vDiaries.
=651  \0$aBologna (Italy)$xHistory.
=700  1\$aFerretti, Cinzia.
=852  41$aBritish Library$bHMNTS$jYF.2010.a.30969
=856  42$uhttp://digital.casalini.it/9788849130652
=CAT  \\$a8197$b40$c20091028$lBLL01$h1407
=CAT  \\$a7483$b40$c20101203$lBLL01$h1450
=CAT  \\$aW2308-1659$c20230923$lBLL01$h1049
=FIN  \\$aY$d20101203
=FMT  \\$a  BK
=LAS  \\$aW2308-1659$b00$c20230923$lBLL01$h1049
=SID  \\$aZ39$bOCLC

