=LDR  01877cam a2200481 a 4500
=001  015422768
=003  Uk
=005  20100422131524.0
=008  090525s2009\\\\it\ab\\\\\\\\\000\m\ita\d
=020  \\$a9788884538635 (pbk.)
=020  \\$a8884538637(pbk.)
=035  \\$a(OCoLC)351304544
=040  \\$aC3L$beng$cC3L$dUk
=042  \\$aukblsr
=043  \\$ae-it---
=045  \\$ax0x4$ax4x-
=082  14$a792$221
=245  00$aOccasioni malapartiane :$bproduzioni e progetti teatrali della compagnia universitaria dei corsi di laurea in ProGeAS e in ProSMArT /$ca cura di Teresa Megale.
=260  \\$aFirenze :$bFirenze University Press,$c2009.
=300  \\$a78 p. :$bill., 1 map ;$c24 cm.
=336  \\$atext$2rdacontent
=337  \\$aunmediated$2rdamedia
=338  \\$avolume$2rdacarrier
=490  0\$aPluriverso
=490  0\$aQuaderni della Biblioteca del Polo universitario Città di Prato ;$v5
=500  \\$aContains 1 libretto (p. 49-64).
=500  \\$aElectronic ed. also avail. at the URL: http: / / digital.casalini.it/ 9788884538635.
=600  10$aMalaparte, Curzio,$d1898-1957.$tAnche le donne hanno perso la guerra$xAdaptations.
=600  10$aMalaparte, Curzio,$d1898-1957.$tAnche le donne hanno perso la guerra$vAdaptations.
=600  10$aMalaparte, Curzio,$d1898-1957$xStage history$zEurope.
=650  \0$aWorld War, 1939-1945$xTheater and the war.
=700  1\$aMegale, Teresa.
=852  41$aBritish Library$bHMNTS$jYF.2010.a.11352
=856  42$uhttp://digital.casalini.it/9788884538635
=CAT  \\$a11375$b40$c20091118$lBLL01$h0959
=CAT  \\$aBATCH$b00$c20091217$lBLL01$h0543
=CAT  \\$aBATCH$b00$c20100103$lBLL01$h1334
=CAT  \\$a7483$b40$c20100422$lBLL01$h1315
=CAT  \\$aW2308-1659$c20230923$lBLL01$h1050
=FIN  \\$aY$d20100422
=FMT  \\$a  BK
=LAS  \\$aW2308-1659$b00$c20230923$lBLL01$h1050
=SID  \\$aZ39$bOCLC

