=LDR  01733cam a2200493 a 4500
=001  015429220
=003  Uk
=005  20100113134404.0
=008  090511s2008\\\\it\ab\\\\b\\\\000\0\eng\\
=020  \\$a9788884536556 (pbk.)
=020  \\$a8884536553 (pbk.)
=020  \\$a9788884536563 (online)
=020  \\$a8884536561 (online)
=035  \\$a(OCoLC)320878905
=040  \\$aNLM$beng$cNLM$dC3L$dUk
=041  1\$aeng$hita
=042  \\$aukblsr
=043  \\$ae-it---
=060  00$a2009 H-992
=060  10$aWX 27 GI8$bF632 2008
=245  00$aFlorence and its hospitals :$ba history of health care in the Florentine area /$cedited by Donatella Tombaccini ... [et al.] ; [translation by Aelmuire Helen Cleary].
=260  \\$aFirenze :$bFirenze University Press,$c2008.
=300  \\$a150 p. :$bill., maps. ;$c25 cm.
=336  \\$atext$2rdacontent
=337  \\$aunmediated$2rdamedia
=338  \\$avolume$2rdacarrier
=504  \\$aIncludes bibliographical references (p. 145-147).
=650  \0$aHospitals$zItaly$zFlorence$xHistory.
=650  12$aHospitals$xhistory$zItaly.
=650  22$aDelivery of Health Care$xhistory$zItaly.
=650  22$aHistory, Early Modern 1451-1600$zItaly.
=650  22$aHistory, Medieval$zItaly.
=650  22$aHistory, Modern 1601-$zItaly.
=700  1\$aTombaccini, Donatella.
=852  41$aBritish Library$bHMNTS$jYD.2010.a.451
=856  42$uhttp://digital.casalini.it/9788884536563
=CAT  \\$a6160$b40$c20091126$lBLL01$h1107
=CAT  \\$a9666$b40$c20100113$lBLL01$h1344
=CAT  \\$aW1707-0052$c20170703$lBLL01$h1908
=CAT  \\$aW2308-1659$c20230923$lBLL01$h1050
=FIN  \\$aY$d20100113
=FMT  \\$a  BK
=LAS  \\$aW2308-1659$b00$c20230923$lBLL01$h1050
=SID  \\$aZ39$bOCLC

