=LDR  01660cam a2200445 a 4500
=001  015469252
=003  Uk
=005  20100625171808.0
=008  090608s2009\\\\it\\\\\esb\\\\000\0\ita\d
=020  \\$a9788884534064 (pbk.)
=020  \\$a8884534062 (pbk.)
=020  \\$z9788884534156 (online)
=020  \\$z8884534151 (online)
=035  \\$a(OCoLC)377846122
=040  \\$aC3L$cC3L$dHLS$dUk
=042  \\$aukblsr
=043  \\$ae-it---
=045  \\$ax4x-
=245  03$aLa cooperazione sociale nell'area metropolitana fiorentina$buna lettura dei bilanci d'esercizio delle cooperative sociali di Firenze, Pistoia e Prato nel quadriennio 2004-2007 /$ca cura di Luca Bagnoli, Massimo Cini.
=260  \\$aFirenze :$bFirenze University Press,$c2009.
=300  \\$a144 p. :$bill. ;$c24 cm.
=336  \\$atext$2rdacontent
=337  \\$aunmediated$2rdamedia
=338  \\$avolume$2rdacarrier
=490  1\$aStrumenti per la didattica e la ricerca ;$v77
=504  \\$aIncludes bibliographical references (p. [145]).
=650  \0$aCooperative societies$zItaly$zFlorence.
=650  \0$aCooperative societies$zItaly$zFlorence$xAccounting$xStatistics.
=700  1\$aBagnoli, Luca.
=700  1\$aCini, Massimo.
=830  \0$aStrumenti per la didattica e la ricerca (Florence, Italy) ;$v77.
=852  41$aBritish Library$bHMNTS$jYF.2010.a.16173
=856  42$uhttp://digital.casalini.it/9788884534156
=CAT  \\$a11375$b40$c20100119$lBLL01$h1706
=CAT  \\$a11342$b40$c20100625$lBLL01$h1718
=CAT  \\$aW2308-1659$c20230923$lBLL01$h1052
=FIN  \\$aY$d20100625
=FMT  \\$a  BK
=LAS  \\$aW2308-1659$b00$c20230923$lBLL01$h1052
=SID  \\$aZ39$bOCLC

