=LDR  01568cam a2200469 a 4500
=001  015480709
=003  Uk
=005  20101001091519.0
=008  100324s2009\\\\it\\\\\\\r\\\\000\0\ita\\
=010  \\$a2010363937
=020  \\$a9788889637371 (pbk.)
=020  \\$a8889637374 (pbk.)
=020  \\$a9788889637388 (online)
=035  \\$a(OCoLC)503242139
=040  \\$aDLC$beng$cDLC$dUk
=042  \\$aukblsr
=045  \\$ax4x-
=050  00$aP306.2$b.P744 2009
=245  00$aPremi e incentivi alle traduzioni :$baggiornamento 2009.
=260  \\$aMilano :$bAssociazione italiana editori :$bEdiser,$cc2009.
=300  \\$a68 p. ;$c24 cm.
=336  \\$atext$2rdacontent
=337  \\$aunmediated$2rdamedia
=338  \\$avolume$2rdacarrier
=490  0\$aQG ;$v25
=500  \\$a"La ricerca per questa nova edizione è stata fatta da Ilaria Barbisan e la revisione da Laura Novati"--t.p. verso.
=530  \\$aAlso available via the Internet.
=650  \0$aTranslating and interpreting$xAwards$zEurope$vDirectories.
=700  1\$aBarbisan, Ilaria.
=700  1\$aNovati, Laura.
=710  2\$aAssociazione italiana editori.
=852  41$aBritish Library$bHMNTS$jYF.2010.a.25668
=856  42$uhttp://digital.casalini.it/9788889637388
=CAT  \\$a8197$b40$c20100204$lBLL01$h1155
=CAT  \\$a5521$b40$c20100928$lBLL01$h1617
=CAT  \\$a5521$b40$c20101001$lBLL01$h0915
=CAT  \\$aW2308-1659$c20230923$lBLL01$h1052
=FIN  \\$aY$d20100928
=FMT  \\$a  BK
=LAS  \\$aW2308-1659$b00$c20230923$lBLL01$h1052
=SID  \\$aZ39$bOCLC
=SID  \\$aZ39$bLOC

