=LDR  01744 am a2200517 a 4500
=001  015502525
=003  Uk
=005  20100908091325.0
=008  100329s2009\\\\it\\\\\\\b\\\\001\0\ita\d
=020  \\$a9788864530758 (pbk.)
=020  \\$a8864530754 (pbk.)
=035  \\$a(OCoLC)587025617
=040  \\$aC3L$beng$cC3L$dYUS$dGEBAY$dUk
=041  0\$aita$brus
=042  \\$aukblsr
=043  \\$ae-ur---
=050  14$aZ658.S65$bZ35 2009
=082  14$a891$221
=100  1\$aZalambani, Maria.
=245  10$aCensura, istituzioni e politica letteraria in URSS, 1964-1985 /$cMaria Zalambani.
=260  \\$aFirenze :$bFirenze University Press,$c2009.
=300  \\$a284 p. ;$c24 cm.
=336  \\$atext$2rdacontent
=337  \\$aunmediated$2rdamedia
=338  \\$avolume$2rdacarrier
=490  1\$aBiblioteca di studi slavistici ;$v10
=500  \\$aElectronic ed. also avail. at the URL: http: / / digital.casalini.it/ 9788864530802.
=504  \\$aIncludes bibliographical references and index.
=546  \\$aText in Italian with abstract in Russian.
=600  10$aIskander, Fazilʹ.$tSandro iz Čegema.
=648  \7$aGeschichte 1964-1985$2swd
=648  \7$aGeschichte$2swd
=650  \0$aCensorship$zSoviet Union.
=650  \0$aSoviet literature$xCensorship.
=650  07$aZensur$2swd
=651  \0$aSoviet Union$xCultural policy.
=651  \7$aSowjetunion$2swd
=830  \0$aBiblioteca di studi slavistici ;$v10.
=852  41$aBritish Library$bHMNTS$jYF.2010.a.23140
=856  42$uhttp://digital.casalini.it/9788864530802
=CAT  \\$a8565$b40$c20100305$lBLL01$h1147
=CAT  \\$a7483$b40$c20100908$lBLL01$h0913
=FIN  \\$aY$d20100908
=FMT  \\$a  BK
=LAS  \\$a7483$b40$c20100908$lBLL01$h0913
=SID  \\$aZ39$bOCLC

