=LDR  01664cam a22004934a 4500
=001  015525150
=003  Uk
=005  20100422092347.0
=008  080407s2007\\\\it\a\\\\\b\\\\000\0\ita\c
=010  \\$a  2008420006
=020  \\$a885481279X
=020  \\$a9788854812796
=035  \\$a(OCoLC)ocn213458055
=040  \\$aC3L$cPUL$dC3L$dDLC$dUk
=042  \\$aukblderived
=045  \\$av0w1$aw1w9$ax0x4$ax4x-
=050  00$aLC1707$b.B75 2007
=100  1\$aBriganti, Maria Camilla.
=245  10$aIn punta di piedi :$bpercorsi di identità femminile tra modelli educativi e diversi modi di abitare il mondo /$cMaria Camilla Briganti.
=246  3\$aPercorsi di identità femminile tra modelli educativi e diversi modi di abitare il mondo
=250  \\$a1. ed.
=260  \\$aRoma :$bAracne,$c2007.
=300  \\$a143 p. :$bill. ;$c24 cm.
=336  \\$atext$2rdacontent
=337  \\$aunmediated$2rdamedia
=338  \\$avolume$2rdacarrier
=490  1\$aA11 ;$v244
=504  \\$aIncludes bibliographical references.
=650  \0$aWomen$xEducation$xHistory.
=650  \0$aWomen$xSocial conditions.
=650  \0$aFemininity.
=650  \0$aLearning, Psychology of.
=650  \0$aEducation$xPhilosophy$xHistory.
=830  \0$aA11 ;$v244.
=852  41$aBritish Library$bHMNTS$jYF.2010.a.11209
=856  42$uhttp://digital.casalini.it/9788854812796
=CAT  \\$a8301$b40$c20100406$lBLL01$h1443
=CAT  \\$aBATCH-UPD$b40$c20100406$lBLL01$h1444
=CAT  \\$a11002$b40$c20100422$lBLL01$h0923
=CAT  \\$aW2308-1659$c20230923$lBLL01$h1054
=FIN  \\$aY$d20100422
=FMT  \\$a  BK
=LAS  \\$aW2308-1659$b00$c20230923$lBLL01$h1054
=SRC  \\$aBLL02

