=LDR  01496 am a2200421 a 4500
=001  015548129
=003  Uk
=005  20100812110301.0
=008  100519s2009\\\\it\a\\\\\b\\\\001\0\ita\\
=010  \\$a  2010442260
=020  \\$a9788860321008 (pbk.)
=020  \\$a886032100X (pbk.)
=040  \\$aDLC$beng$cDLC$dUk
=041  1\$aita$agrc$hgrc
=042  \\$aukblsr
=043  \\$ae-gr---
=050  00$aPA3825.A8$bB37 2009
=100  10$aBarbieri, Michele.
=245  12$aL'Ifigenia di Eschilo :$bfilologia e drammaturgia nell'"Agamennone" /$cMichele Barbieri.
=260  \\$aFirenze :$bSocietà editrice fiorentina,$cc2009.
=300  \\$a302 p. :$bill. ;$c24 cm.
=336  \\$atext$2rdacontent
=337  \\$aunmediated$2rdamedia
=338  \\$avolume$2rdacarrier
=504  \\$aIncludes bibliographical references and indexes.
=546  \\$aText in Italian; includes extract from Agamemnon by Aeschylus with original Ancient Greek text and facing Italian translation.
=600  00$aAeschylus.$tAgamemnon.
=650  \0$aAgamemnon (Greek mythology) in literature.
=650  \0$aIphigenia (Greek mythology) in literature.
=852  41$aBritish Library$bHMNTS$jYF.2010.a.20512
=856  42$uhttp://digital.casalini.it/9788860321008
=CAT  \\$a8565$b40$c20100507$lBLL01$h1615
=CAT  \\$a12640$b40$c20100812$lBLL01$h1103
=CAT  \\$aBATCH-UPD$b40$c20160214$lBLL01$h2141
=FIN  \\$aY$d20100812
=FMT  \\$a  BK
=LAS  \\$aBATCH-UPD$b40$c20160214$lBLL01$h2141
=SRC  \\$aBLL02

