=LDR  01317 am a2200397 a 4500
=001  015568768
=003  Uk
=005  20101008162203.0
=008  100719s2010\\\\it\a\\\\\\\\\\000\1dita\\
=010  \\$a2010512365
=020  \\$a9788856401097 (pbk.)
=035  \\$a(OCoLC)0642806094
=035  \\$a(ItFiC)it1019083X
=040  \\$aDLC$beng$cDLC$dUk
=042  \\$aukblsr
=050  00$aPQ4907.H46$bG37 2010
=100  1\$aGhelli, Genziana.
=245  13$aLa garibaldina :$bRepubblica, figlia di due padri : storia romanzata di una ricerca /$cGenziana Ghelli.
=260  \\$aFirenze :$bM. Pagliai,$cc2010.
=300  \\$a139 p. :$bill. ;$c21 cm.
=336  \\$atext$2rdacontent
=337  \\$aunmediated$2rdamedia
=338  \\$avolume$2rdacarrier
=490  0\$aStorie del mondo ;$v3
=600  10$aFadigati, Repubblica,$d1868-1954$vFiction.
=600  10$aGaribaldi, Giuseppe,$d1807-1882$xFamily$vFiction.
=650  \0$aIllegitimate children$zItaly$vFiction.
=852  41$aBritish Library$bHMNTS$jYF.2010.a.26183
=856  42$uhttp://digital.casalini.it/9788856401097
=CAT  \\$a11375$b40$c20100603$lBLL01$h1226
=CAT  \\$a11375$b40$c20100603$lBLL01$h1227
=CAT  \\$a5521$b40$c20101008$lBLL01$h1622
=FIN  \\$aY$d20101008
=FMT  \\$a  BK
=LAS  \\$a5521$b40$c20101008$lBLL01$h1622
=SID  \\$aZ39$bLOC

