=LDR  01256 am a2200397 a 4500
=001  015568778
=003  Uk
=005  20101004115055.0
=008  100621s2010\\\\it\a\\\\\b\\\\000\0\ita\d
=020  \\$a9788859607359 (pbk.)
=020  \\$a8859607353 (pbk.)
=035  \\$a(OCoLC)642806096
=040  \\$aC3L$beng$cC3L$dUk
=042  \\$aukblsr
=082  14$a117$221
=100  1\$aLapucci, Carlo.
=245  13$aIl numero e la struttura universale /$cCarlo Lapucci.
=260  \\$aFirenze :$bPolistampa,$c2010.
=300  \\$a189 p. :$bill. ;$c21 cm.
=336  \\$atext$2rdacontent
=337  \\$aunmediated$2rdamedia
=338  \\$avolume$2rdacarrier
=490  1\$aScrapts ;$v3
=500  \\$aElectronic ed. avail. at the URL: http: / / digital.casalini.it/ 9788859607359.
=504  \\$aIncludes bibliographical references.
=650  \0$aSymbolism of numbers.
=830  \0$aScrapts ;$v3.
=852  41$aBritish Library$bHMNTS$jYF.2010.a.25370
=856  42$uhttp://digital.casalini.it/9788859607359
=CAT  \\$a11375$b40$c20100603$lBLL01$h1234
=CAT  \\$aBATCH-UPD$b40$c20100603$lBLL01$h1235
=CAT  \\$a7483$b40$c20101004$lBLL01$h1150
=FIN  \\$aY$d20101004
=FMT  \\$a  BK
=LAS  \\$a7483$b40$c20101004$lBLL01$h1150
=SID  \\$aZ39$bOCLC

