=LDR  01681cam a2200517 a 4500
=001  015568968
=003  Uk
=005  20100917092711.0
=008  100621s2010\\\\it\a\\\\\b\\\\001\0bita\\
=010  \\$a2010503213
=020  \\$a9788856401042 (pbk.)
=020  \\$a8856401045 (pbk.)
=035  \\$a(OCoLC)635376265
=035  \\$a(DLC)16303673
=035  \\$a(DLC)2010503213
=035  \\$a(ItFiC)it1014157X
=040  \\$aDLC$beng$cDLC$dUk
=042  \\$aukblsr
=043  \\$ae-it---
=045  \\$aw1w9
=050  00$aDG738.6.R5 +
=100  1\$aTaddei, Michele.
=245  10$aSiamo onesti! :$bBettino Ricasoli, il barone che volle l'unità d'Italia /$cMichele Taddei ; prefazione di Francesco Ricasoli.
=260  \\$aFirenze :$bM. Pagliai,$cc2010.
=300  \\$a191 p. :$bill. ;$c21 cm.
=336  \\$atext$2rdacontent
=337  \\$aunmediated$2rdamedia
=338  \\$avolume$2rdacarrier
=490  0\$aStorie del mondo ;$v1
=504  \\$aIncludes bibliographical references and indexes.
=530  \\$aAlso available via the Internet.
=600  10$aRicasoli, Bettino,$d1809-1880.
=650  \0$aPrime ministers$zItaly$vBiography.
=650  \0$aNewspaper editors$zItaly$vBiography.
=650  \0$aVintners$zItaly$vBiography.
=852  41$aBritish Library$bHMNTS$jYF.2010.a.24050
=856  42$uhttp://digital.casalini.it/9788856401042
=CAT  \\$a8301$b40$c20100603$lBLL01$h1527
=CAT  \\$a5521$b40$c20100916$lBLL01$h1206
=CAT  \\$a5521$b40$c20100917$lBLL01$h0927
=CAT  \\$aW2308-1659$c20230923$lBLL01$h1056
=FIN  \\$aY$d20100916
=FMT  \\$a  BK
=LAS  \\$aW2308-1659$b00$c20230923$lBLL01$h1056
=SID  \\$aZ39$bOCLC
=SID  \\$aZ39$bLOC

