=LDR  01635 am a2200493 a 4500
=001  015568978
=003  Uk
=005  20100901181412.0
=008  100719s2010\\\\it\a\\\\\b\\\\000\0dita\d
=020  \\$a9788859607625 (pbk.)
=020  \\$a8859607620 (pbk.)
=035  \\$a(OCoLC)649313489
=040  \\$aC3L$beng$cC3L$dN15$dUk
=041  0\$aita$alat
=042  \\$aukblsr
=043  \\$ael-----$ae-it---
=050  \4$aND673.R38$bM35 2010
=100  10$aMancini, Vincenzo.
=245  10$aGaspar Rem :$bun veneziano di Anversa e una Giuditta ritrovata /$cVincenzo Mancini.
=260  \\$aFirenze :$bPolistampa,$cc2010.
=300  \\$a47 p. :$bill. (chiefly col.) ;$c28 cm.
=336  \\$atext$2rdacontent
=337  \\$aunmediated$2rdamedia
=338  \\$avolume$2rdacarrier
=490  0\$aNote libere ;$vn. 3
=504  \\$aIncludes bibliographical references.
=530  \\$aAlso available via the Internet.
=546  \\$aIncludes an appendix in Latin.
=600  00$aJudith$c(Jewish heroine)$xArt.
=600  10$aRem, Gaspar,$d1542-
=700  1\$aRem, Gaspar,$d1542-
=852  41$aBritish Library$bHMNTS$jYF.2010.b.2019
=856  42$uhttp://digital.casalini.it/9788859607625
=985  \\$aRecord amended for WR# 13/070
=CAT  \\$a8301$b40$c20100603$lBLL01$h1536
=CAT  \\$a5521$b40$c20100826$lBLL01$h1439
=CAT  \\$a5521$b40$c20100827$lBLL01$h0923
=CAT  \\$a12181$b40$c20100901$lBLL01$h1814
=CAT  \\$aWR13_070$b00$c20130504$lBLL01$h0325
=CAT  \\$aBATCH-UPD$b00$c20150417$lBLL01$h2109
=FIN  \\$aY$d20100826
=FMT  \\$a  BK
=LAS  \\$aBATCH-UPD$b00$c20150417$lBLL01$h2109
=SID  \\$aZ39$bOCLC

