=LDR  01461cam a2200433 a 4500
=001  015579495
=003  Uk
=005  20100920093335.0
=008  100524s2010\\\\it\\\\\\\b\\\\000\0\ita\d
=020  \\$a9788820749330 (pbk.)
=020  \\$a8820749335 (pbk.)
=035  \\$a(OCoLC)631127205
=040  \\$aC3L$beng$cC3L$dUk
=042  \\$aukblsr
=045  \\$ax0x4$ax4x-
=082  14$a370$221
=100  1\$aCorbi, Enricomaria.
=245  10$aProspettive pedagogiche tra costruttivismo e realismo /$cEnricomaria Corbi.
=250  \\$a1. ed. italiana.
=260  \\$aNapoli :$bLiguori,$cc2010.
=300  \\$a121 p. ;$c24 cm.
=336  \\$atext$2rdacontent
=337  \\$aunmediated$2rdamedia
=338  \\$avolume$2rdacarrier
=490  1\$aDomini. Studi e ricerche storico-educative,$x1972-1609 ;$v8
=500  \\$aElectronic ed. avail. at the URL: http: / / digital.casalini.it/ 9788820750237.
=504  \\$aIncludes bibliographical references.
=650  \0$aEducation$xPhilosophy.
=650  \0$aConstructivism (Education)
=830  \0$aDomini.$pStudi e ricerche storico-educative ;$v8.
=852  41$aBritish Library$bHMNTS$jYF.2010.a.24721
=856  42$uhttp://digital.casalini.it/9788820750237
=CAT  \\$a10926$b40$c20100616$lBLL01$h1103
=CAT  \\$a7483$b40$c20100920$lBLL01$h0933
=CAT  \\$aW2308-1659$c20230923$lBLL01$h1057
=FIN  \\$aY$d20100920
=FMT  \\$a  BK
=LAS  \\$aW2308-1659$b00$c20230923$lBLL01$h1057
=SID  \\$aZ39$bOCLC

