=LDR  01425cam a2200433 a 4500
=001  015581944
=003  Uk
=005  20130103135927.0
=008  100510s2008\\\\it\\\\\\\b\\\\000\0\ita\d
=020  \\$a9788881015221 (pbk.)
=020  \\$a8881015226 (pbk.)
=035  \\$a(OCoLC)613309307
=040  \\$aC3L$beng$cC3L$dHLS$dUk
=042  \\$aukblsr
=043  \\$ae-gx---
=045  \\$ax4x-
=100  1\$aBorrelli, Michele.
=245  10$aErmeneutica trascendentale e fondazione ultima di filosofia e scienza :$bintroduzione al pensiero di Karl-Otto Apel /$cMichele Borrelli.
=260  \\$aCosenza :$bL. Pellegrini,$c[2008]
=300  \\$a135 p. ;$c21 cm.
=336  \\$atext$2rdacontent
=337  \\$aunmediated$2rdamedia
=338  \\$avolume$2rdacarrier
=490  1\$aMetodologia delle scienze sociali ;$v16
=504  \\$aIncludes bibliographical references.
=530  \\$aAlso available via the Internet.
=600  10$aApel, Karl-Otto.
=650  \0$aTranscendentalism.
=650  \0$aHermeneutics.
=830  \0$aQuaderni interdisciplinari ;$v16.
=852  41$aBritish Library$bHMNTS$jYF.2013.a.513
=856  42$uhttp://digital.casalini.it/9788881015221
=CAT  \\$a11375$b40$c20100621$lBLL01$h1431
=CAT  \\$a5521$b40$c20130103$lBLL01$h1359
=CAT  \\$aW2308-1659$c20230923$lBLL01$h1057
=FIN  \\$aY$d20130103
=FMT  \\$a  BK
=LAS  \\$aW2308-1659$b00$c20230923$lBLL01$h1057
=SID  \\$aZ39$bOCLC

