=LDR  02036cam a22004934a 4500
=001  015585493
=003  Uk
=005  20101004151810.0
=008  100524s2009\\\\it\\\\\\\b\\\\101\0\ita\\
=010  \\$a  2010412983
=020  \\$a9788859606826
=035  \\$a(OCoLC)0610841092
=035  \\$a(ItFiC)it10823611
=040  \\$aDLC$beng$cDLC$dUk
=042  \\$aukblsr
=050  00$aPA8585.V215$bD433 2007
=110  2\$aComitato nazionale VI centenario della nascita di Lorenzo Valla.$bConvegno$d(2007 :$cPrato, Italy)
=245  10$aLorenzo Valla e l'umanesimo toscano :$bTraversari, Bruni, Marsuppini : atti del convegno Comitato nazionale VI centenario della nascita di Lorenzo Valla, Prato, 30 novembre 2007 /$ca cura di Mariangela Regoliosi.
=260  \\$aFirenze :$bPolistampa,$cc2009.
=300  \\$a138 p. ;$c25 cm.
=336  \\$atext$2rdacontent
=337  \\$aunmediated$2rdamedia
=338  \\$avolume$2rdacarrier
=490  0\$aEdizione nazionale delle opere di Lorenzo Valla. Strumenti ;$v2
=504  \\$aIncludes bibliographical references and indexes.
=600  10$aValla, Lorenzo,$d1407-1457.$tDe vero falsoque bono$vCongresses.
=600  10$aValla, Lorenzo,$d1407-1457$xCorrespondence$vCongresses.
=600  10$aBruni, Leonardo,$d1369-1444$xCorrespondence$vCongresses.
=600  10$aTraversari, Ambrogio,$d1386-1439$xCorrespondence$vCongresses.
=600  10$aMarsuppini, Carlo,$d1398-1453$xCorrespondence$vCongresses.
=650  \0$aHumanists$zItaly$vCongresses.
=650  \0$aDidactic literature, Latin (Medieval and modern)$vCongresses.
=650  \0$aGood and evil$vCongresses.
=700  1\$aRegoliosi, Mariangela.
=852  41$aBritish Library$bHMNTS$jYF.2010.a.25347
=856  42$uhttp://digital.casalini.it/9788859606826
=CAT  \\$a11375$b40$c20100623$lBLL01$h1417
=CAT  \\$a7483$b40$c20101004$lBLL01$h1518
=CAT  \\$aW2308-1659$c20230923$lBLL01$h1057
=FIN  \\$aY$d20101004
=FMT  \\$a  BK
=LAS  \\$aW2308-1659$b00$c20230923$lBLL01$h1057
=SID  \\$aZ39$bLOC
=SRC  \\$aBLL02

