=LDR  01500cam a22004334a 4500
=001  015585924
=003  Uk
=005  20101015171718.0
=008  100510s2009\\\\it\a\\\\\b\\\\001\0\ita\c
=010  \\$a2010421880
=020  \\$a9788860562029 (pbk.)
=020  \\$a8860562023 (pbk.)
=035  \\$a(OCoLC)0607971079
=035  \\$a(ItFiC)it10817026
=040  \\$aC3L$beng$cC3L$dCOO$dTJC$dDLC$dUk
=042  \\$aukblsr
=043  \\$ae-it---
=050  00$aPQ4835.A48$bZ6865 2009
=100  1\$aFrontaloni, Elena,$d1980-
=245  10$aPasolini, note a margine /$cElena Frontaloni.
=260  \\$aMacerata :$bEUM,$cc2009.
=300  \\$a103 p. :$bill. ;$c21 cm.
=336  \\$atext$2rdacontent
=337  \\$aunmediated$2rdamedia
=338  \\$avolume$2rdacarrier
=490  0\$aEUM x. Letteratura
=504  \\$aIncludes bibliographical references and index.
=505  0\$aI fogli di lavoro per Accattone e Mamma Roma -- II padre selvaggio -- Pasolini e Manganelli: radici e sviluppi dell'ultima critica.
=530  \\$aAlso available via the Internet.
=600  10$aPasolini, Pier Paolo,$d1922-1975$xCriticism and interpretation.
=852  41$aBritish Library$bHMNTS$jYF.2010.a.26725
=856  42$uhttp://digital.casalini.it/9788860562029
=CAT  \\$a11375$b40$c20100624$lBLL01$h1334
=CAT  \\$a5521$b40$c20101015$lBLL01$h1717
=CAT  \\$aW2308-1659$c20230923$lBLL01$h1057
=FIN  \\$aY$d20101015
=FMT  \\$a  BK
=LAS  \\$aW2308-1659$b00$c20230923$lBLL01$h1057
=SID  \\$aZ39$bLOC

