=LDR  02432cam a22005654a 4500
=001  015587154
=003  Uk
=005  20101001123026.0
=008  100331s2010\\\\it\\\\\\\b\\\\001\0\ita\d
=020  \\$a9788860321220 (pbk.)
=020  \\$a8860321220 (pbk.)
=035  \\$a(OCoLC)0589369377
=035  \\$a(ItFiC)it10949940
=035  \\$a(OCoLC)589369377
=040  \\$aPIT$beng$cPIT$dC3L$dUk
=041  1\$aita$aeng$afre$heng$hfre
=042  \\$aukblsr
=043  \\$ae-uk-en
=050  \4$aPQ4683.B19$bS38 2010
=100  10$aSavoia, Francesca.
=245  10$aFra letterati e galantuomini :$bnotizie e inediti del primo Baretti inglese /$cFrancesca Savoia.
=260  \\$aFirenze :$bSocietà editrice fiorentina,$cc2010.
=300  \\$a251 p. ;$c24 cm.
=336  \\$atext$2rdacontent
=337  \\$aunmediated$2rdamedia
=338  \\$avolume$2rdacarrier
=490  1\$aStudi,$x2035-4363 ;$v4
=504  \\$aIncludes bibliographical references (p. [235]-244) and index.
=530  \\$aAlso available via the Internet.
=546  \\$aCritical matter in Italian. Includes a selection of Giuseppe Baretti's correspondence in Italian and in English with Italian translation; and his translation into Italian of Racine's Andromaque, with some passages in French.
=600  10$aBaretti, Giuseppe Marco Antonio,$d1719-1789$xCriticism and interpretation.
=600  10$aBaretti, Giuseppe Marco Antonio,$d1719-1789$xHomes and haunts$zEngland$zLondon.
=600  10$aBaretti, Giuseppe Marco Antonio,$d1719-1789$vCorrespondence.
=651  \0$aLondon (England)$xIntellectual life$y18th century.
=700  1\$aBaretti, Giuseppe Marco Antonio,$d1719-1789.
=700  12$aRacine, Jean,$d1639-1699.$tAndromaque.$lItalian.
=776  08$iOnline version:$aSavoia, Francesca Luigia.$tFra letterati e galantuomini.$w(OCoLC)659366983$dFirenze : Società Editrice Fiorentina, c2010
=830  \0$aStudi (Società Editrice Fiorentina) ;$v4.
=852  41$aBritish Library$bHMNTS$jYF.2010.a.25625
=856  42$uhttp://digital.casalini.it/9788860321220
=CAT  \\$a11375$b40$c20100628$lBLL01$h0845
=CAT  \\$a5521$b40$c20101001$lBLL01$h1230
=CAT  \\$aBATCH-UPD$b40$c20160117$lBLL01$h2108
=CAT  \\$aBATCH-UPD$b40$c20230531$lBLL01$h2018
=CAT  \\$aW2308-1659$c20230923$lBLL01$h1057
=FIN  \\$aY$d20101001
=FMT  \\$a  BK
=LAS  \\$aW2308-1659$b00$c20230923$lBLL01$h1057
=SID  \\$aZ39$bLOC
=SID  \\$aZ39$bOCLC

