=LDR  01600 am a2200445 a 4500
=001  015590578
=003  Uk
=005  20101103105059.0
=008  100802s2010\\\\it\ab\\\\b\\\\001\0\ita\d
=020  \\$a9788859607953 (pbk.)
=020  \\$a8859607957 (pbk.)
=035  \\$a(OCoLC)652361774
=040  \\$aC3L$beng$cC3L$dGUA$dUk
=041  0\$aita$aeng
=042  \\$aukblsr
=043  \\$ae-it---
=245  02$aL'Antiquarium di Villa Corsini a Castello :$bguida alla visita del museo e alla scoperta del territorio /$ca cura di Fabrizio Paolucci, Antonella Romualdi.
=260  \\$a[Firenze :$bPolistampa,$c2010]
=300  \\$a329 p. :$bcol. ill., 1 col. map ;$c22 cm.
=336  \\$atext$2rdacontent
=337  \\$aunmediated$2rdamedia
=338  \\$avolume$2rdacarrier
=490  1\$aPiccoli, grandi musei,$x2035-4274 ;$v22
=504  \\$aIncludes bibliographical references (p. 323-324) and indexes.
=546  \\$aText in Italian and English.
=610  20$aVilla Corsini a Castello (Florence, Italy)$vGuidebooks.
=650  \0$aMarble sculpture, Roman$zItaly$zFlorence.
=700  1\$aPaolucci, Fabrizio.
=700  1\$aRomualdi, Antonella.
=830  \0$aPiccoli, grandi musei ;$v22.
=852  41$aBritish Library$bHMNTS$jYF.2010.a.28545
=856  42$uhttp://digital.casalini.it/9788859607953
=CAT  \\$a8229$b40$c20100630$lBLL01$h0826
=CAT  \\$a7483$b40$c20101001$lBLL01$h1430
=CAT  \\$a12181$b40$c20101103$lBLL01$h1046
=CAT  \\$a12181$b40$c20101103$lBLL01$h1050
=FIN  \\$aY$d20101001
=FMT  \\$a  BK
=LAS  \\$a12181$b40$c20101103$lBLL01$h1050
=SID  \\$aZ39$bOCLC

