=LDR  01998cam a22005297a 4500
=001  015597648
=003  Uk
=005  20110107113354.0
=008  100222s2009\\\\it\\\\\\\b\\\\000\0\ita\d
=020  \\$a9788849132915 (pbk.)
=020  \\$a8849132913 (pbk.)
=035  \\$a(OCoLC)526069451
=040  \\$aC3L$cC3L$dHLS$dUk
=042  \\$aukblderived
=043  \\$ae-it---
=045  \\$ax4x-
=050  14$aJV8139.Z6$bB648 2009
=082  14$a305$221
=245  00$aVivere sotto le due torri :$blavoro, salute e integrazione dei cittadini stranieri residenti a Bologna e provincia /$ca cura di Raffaele Lelleri, Maria Chiara Patuelli ; contributi di: Villiam Alberghini ... [et al.].
=260  \\$aBologna :$bCLUEB,$cc2009.
=300  \\$a136 p. ;$c24 cm.
=336  \\$atext$2rdacontent
=337  \\$aunmediated$2rdamedia
=338  \\$avolume$2rdacarrier
=490  1\$aStudi sociali e territoriali / Provincia di Bologna
=500  \\$aCollected essays.
=500  \\$aBologna (Emilia Romagna).
=500  \\$aElectronic ed. avail. at the URL: http: / / digital.casalini.it/ 9788849132915.
=504  \\$aIncludes bibliographical references.
=650  \0$aImmigrants$zItaly$zBologna$xSocial conditions$vStatistics.
=651  \0$aBologna (Italy)$xEmigration and immigration$vStatistics.
=690  7\$aSocial Welfare$2blcoll
=700  1\$aLelleri, Raffaele.
=700  1\$aPatuelli, Maria Chiara,$d1977-
=830  \0$aStudi sociali e territoriali / Provincia di Bologna.
=852  41$aBritish Library$bHMNTS$jYF.2011.a.751
=856  42$uhttp://digital.casalini.it/9788849132915
=CAT  \\$a11375$b40$c20100708$lBLL01$h1627
=CAT  \\$a12630$b40$c20100804$lBLL01$h1421
=CAT  \\$a10743$b40$c20110107$lBLL01$h1133
=CAT  \\$aBATCH$b00$c20110625$lBLL01$h0551
=CAT  \\$aBATCH-SWP4$c20110627$lBLL01$h1636
=CAT  \\$aW2308-1659$c20230923$lBLL01$h1058
=FIN  \\$aY$d20100804
=FMT  \\$a  BK
=LAS  \\$aW2308-1659$b00$c20230923$lBLL01$h1058
=SID  \\$aZ39$bOCLC

