=LDR  02462cam a22005894a 4500
=001  015602065
=003  Uk
=005  20101007093329.0
=008  100323s2009\\\\it\a\\\\\b\\\\101\0\ita\d
=020  \\$a9788859606505 (pbk.)
=020  \\$a8859606500 (pbk.)
=035  \\$a(OCoLC)ocn498939145
=035  \\$a(ItFiC)it 10031766
=035  \\$a(UkCU)4916947
=038  \\$aOCoLC
=040  \\$aERASA$beng$dERASA$dHTV$dC3L$dUk
=042  \\$aukblsr
=043  \\$ae-it---
=050  \4$aNX552
=082  04$a709.945$222
=245  03$aLa stella e la porpora :$bil corteo di Benozzo e l'enigma del Virgilio Riccardiano : atti del convegno di studi, Firenze, 17 maggio 2007 /$ca cura di Giovanna Lazzi e Gerhard Wolf ; redazione di Viviana Guarino.
=260  \\$aFirenze :$bPolistampa,$cc2009.
=300  \\$a262 p. :$bill. (chiefly col.) ;$c24 cm.
=336  \\$atext$2rdacontent
=337  \\$aunmediated$2rdamedia
=338  \\$avolume$2rdacarrier
=490  1\$aBiblioteca Riccardiana,$x1973-1051 ;$v13
=500  \\$aAt head of title: MiBAC, Ministero per i beni e le attività culturali, Biblioteca Riccardiana, Firenze ; Kunsthistorisches Institut in Florenz, Max-Planck-Institut.
=504  \\$aIncludes bibliographical references (p. 181-205) and index.
=600  00$aBenozzo,$cdi Lese,$d1420-1497.$tJourney of the Magi$vCongresses.
=600  00$aVirgil$xIllustrations$vCongresses.
=610  20$aBiblioteca riccardiana.$kManuscript.$nCod. Ricc. 492.
=611  20$aCouncil of Florence$d(1438-1445 :$cFlorence, Italy)$vCongresses.
=650  \0$aMural painting and decoration, Renaissance$zItaly$zFlorence$vCongresses.
=650  \0$aIllumination of books and manuscripts, Renaissance$zItaly$zFlorence$vCongresses.
=700  1\$aLazzi, Giovanna.
=700  1\$aWolf, Gerhard,$d1952-
=710  2\$aBiblioteca riccardiana.
=710  2\$aKunsthistorisches Institut in Florenz, Max-Planck-Institut.
=830  \0$aBiblioteca riccardiana (Series) ;$v13.
=852  41$aBritish Library$bHMNTS$jYF.2010.a.25586
=856  42$uhttp://digital.casalini.it/9788859606505
=CAT  \\$a11375$b40$c20100714$lBLL01$h1214
=CAT  \\$a5521$b40$c20101006$lBLL01$h1153
=CAT  \\$a5521$b40$c20101007$lBLL01$h0933
=CAT  \\$aBATCH-UPD$b40$c20130721$lBLL01$h2058
=CAT  \\$aW2308-1659$c20230923$lBLL01$h1058
=FIN  \\$aY$d20101006
=FMT  \\$a  BK
=LAS  \\$aW2308-1659$b00$c20230923$lBLL01$h1058
=SID  \\$aZ39$bLOC
=SID  \\$aZ39$bRLUK

