=LDR  01738 am a22004937a 4500
=001  015604340
=003  Uk
=005  20101014142603.0
=008  100823s2010\\\\it\a\\\\\b\\\\001\0\ita\d
=020  \\$a9788859608004
=020  \\$a8859608007
=035  \\$a(OCoLC)658004056
=040  \\$aC3L$cC3L$dHFL$dUk
=041  0\$aita$aeng
=042  \\$aukblderived
=043  \\$ae-it---
=082  14$a728$221
=245  00$aVille e giardini nei dintorni di Firenze :$bda Fiesole ad Artimino /$ca cura di Stefano Casciu, Mariachiara Pozzana.
=260  \\$aFirenze :$bPolistampa,$c2010.
=300  \\$a387 p. :$bcol. ill. ;$c21 cm.
=336  \\$atext$2rdacontent
=337  \\$aunmediated$2rdamedia
=338  \\$avolume$2rdacarrier
=490  1\$aPiccoli, grandi musei / Ente, Cassa di risparmio di Firenze ;$v21
=500  \\$aOn cover: Regione Toscana.
=500  \\$aText in English and Italian.
=500  \\$aFlorence (Tuscany).
=500  \\$aEl. ed. at: http: / / digital. casalini.it/ 9788859608004.
=504  \\$aIncludes bibliographical references and index.
=546  \\$aText in Italian and English.
=650  \0$aArchitecture, Domestic$zItaly$zFlorence Region.
=650  \0$aGardens$zItaly$zFlorence Region.
=700  1\$aCasciu, Stefano.
=700  1\$aPozzana, Maria Chiara.
=830  \0$aPiccoli, grandi musei / Ente, Cassa di risparmio di Firenze ;$v21.
=852  41$aBritish Library$bHMNTS$jYF.2010.a.26248
=856  42$uhttp://digital.casalini.it/9788859608004
=CAT  \\$a8301$b40$c20100719$lBLL01$h1610
=CAT  \\$a11002$b40$c20101013$lBLL01$h0720
=CAT  \\$a8962$b40$c20101014$lBLL01$h1426
=FIN  \\$aY$d20101013
=FMT  \\$a  BK
=LAS  \\$a8962$b40$c20101014$lBLL01$h1426
=SID  \\$aZ39$bOCLC

