=LDR  01186cam a22003494a 4500
=001  015608501
=003  Uk
=005  20120329143005.0
=008  100621s2008\\\\it\\\\\\\\\\\\000\1|ita\\
=020  \\$a9788889999288 (pbk.)
=035  \\$a(ItFiC)it10825398
=040  \\$aDLC$beng$cDLC$dUk
=042  \\$aukblsr
=100  1\$aDe Luca, Laura,$d1957-
=245  10$aPurpurea la voce :$buna insignificante testimonianza sul sequestro Moro /$cLaura De Luca.
=250  \\$a1a ed.
=260  \\$aFirenze :$bEmmebi,$c2008.
=300  \\$a208 p. ;$c17 cm.
=336  \\$atext$2rdacontent
=337  \\$aunmediated$2rdamedia
=338  \\$avolume$2rdacarrier
=500  \\$aNovel inspired by the kidnapping and assassination of Aldo Moro (1916-1978), leader of Christian Democrat Party.
=600  10$aMoro, Aldo,$d1916-1978$vFiction.
=852  41$aBritish Library$bHMNTS$jYF.2012.a.8456
=856  42$uhttp://digital.casalini.it/9788889999288
=CAT  \\$a5918$b40$c20100722$lBLL01$h1347
=CAT  \\$a12640$b40$c20120329$lBLL01$h1430
=CAT  \\$aW2308-1659$c20230923$lBLL01$h1058
=FIN  \\$aY$d20120329
=FMT  \\$a  BK
=LAS  \\$aW2308-1659$b00$c20230923$lBLL01$h1058
=SID  \\$aZ39$bLOC

