=LDR  01205cam a22003854a 4500
=001  015608505
=003  Uk
=005  20101008155949.0
=008  100628s2009\\\\it\\\\\\\b\\\\000\0\ita\\
=010  \\$a  2010512735
=020  \\$a9788888812236
=035  \\$a(OCoLC)0631125242
=035  \\$a(ItFiC)it0979705X
=040  \\$aDLC$cDLC$dUk
=042  \\$aukblcatcopy
=050  00$aPQ4422$b.C53 2009
=100  1\$aCiampi, Mario.
=245  13$aIl pensiero politico di Dante Alighieri nella critica del Novecento /$cMario Ciampi.
=250  \\$a1. ed.
=260  \\$aRoma :$bDrengo,$c2009.
=300  \\$a152 p. ;$c21 cm.
=336  \\$atext$2rdacontent
=337  \\$aunmediated$2rdamedia
=338  \\$avolume$2rdacarrier
=504  \\$aIncludes bibliographical references.
=600  00$aDante Alighieri,$d1265-1321$xPolitical and social views.
=852  41$aBritish Library$bHMNTS$jYF.2010.a.27136
=856  42$uhttp://digital.casalini.it/9788888812236
=CAT  \\$a5918$b40$c20100722$lBLL01$h1349
=CAT  \\$a5512$b40$c20101008$lBLL01$h1559
=CAT  \\$aW2308-1659$c20230923$lBLL01$h1058
=FIN  \\$aY$d20101008
=FMT  \\$a  BK
=LAS  \\$aW2308-1659$b00$c20230923$lBLL01$h1058
=SRC  \\$aBLL02

