=LDR  01610cam a22004814a 4500
=001  015657471
=003  Uk
=005  20110331094742.0
=008  100412s2009\\\\it\\\\\\\b\\\\001\0dita\d
=020  \\$a9788864530529 (pbk.)
=020  \\$a8864530525 (pbk.)
=035  \\$a(ItFiC)it10818693
=035  \\$a(OCoLC)606735575
=040  \\$aC3L$beng$cC3L$dYUS$dFDA$dUk
=042  \\$aukblsr
=043  \\$ae-it---
=045  \\$ax0x4$ax4x-
=050  14$aPQ4811.E67$bZ46 2009
=100  1\$aDessì, Giuseppe,$d1909-1977.
=245  10$aDiari 1949-1951 /$cGiuseppe Dessí ; a cura di Franca Linari.
=260  \\$aFirenze :$bFirenze University Press,$c2009.
=300  \\$axxxvii, 236 p. ;$c24 cm.
=336  \\$atext$2rdacontent
=337  \\$aunmediated$2rdamedia
=338  \\$avolume$2rdacarrier
=490  0\$aFonti storiche e letterarie ;$v26
=504  \\$aIncludes bibliographical references and index.
=530  \\$aAlso available via the Internet.
=600  10$aDessì, Giuseppe,$d1909-1977$vDiaries.
=650  \0$aAuthors, Italian$y20th century$vDiaries.
=651  \0$aSardinia (Italy)$xIntellectual life$y20th century.
=700  1\$aLinari, Franca.
=852  41$aBritish Library$bHMNTS$jYF.2011.a.8037
=856  42$uhttp://digital.casalini.it/9788864530550
=CAT  \\$a11375$b40$c20100927$lBLL01$h1051
=CAT  \\$aBATCH-UPD$b40$c20101115$lBLL01$h2026
=CAT  \\$a5521$b40$c20110331$lBLL01$h0947
=CAT  \\$aW2308-1659$c20230923$lBLL01$h1101
=FIN  \\$aY$d20110330
=FMT  \\$a  BK
=LAS  \\$aW2308-1659$b00$c20230923$lBLL01$h1101
=SID  \\$aZ39$bLOC
=SID  \\$aZ39$bOCLC

