=LDR  01576cam a2200433 a 4500
=001  015657613
=003  Uk
=005  20130725104901.0
=008  100607s2009\\\\it\\\\\\\b\\\\000\0\ita\\
=010  \\$a  2011372458
=020  \\$a9788882127107
=035  \\$a(OCoLC)0620112630
=035  \\$a(ItFiC)it10815805
=040  \\$aDLC$cDLC$dUk
=042  \\$aukblcatcopy
=050  00$aPQ4817.O9$bZ975 2009
=100  1\$aZaccaria, Giuseppe,$d1947-
=245  10$aReduce dall'amore e dalla morte :$bun Gozzano alle soglie del postmoderno /$cGiuseppe Zaccaria ; presentazione di Paolo Mauri.
=260  \\$aNovara :$bInterlinea,$c2009.
=300  \\$a205 p. ;$c21 cm.
=336  \\$atext$2rdacontent
=337  \\$aunmediated$2rdamedia
=338  \\$avolume$2rdacarrier
=490  0\$aBiblioteca del Centro novarese di studi letterari.$aSaggi e testi ;$v48
=500  \\$aElectronic ed. avail. at the URL: http: / / digital.casalini.it/ 9788882127107.
=504  \\$aIncludes bibliographical references.
=600  10$aGozzano, Guido,$d1883-1916.
=600  10$aGozzano, Guido,$d1883-1916$xCriticism and interpretation.
=852  41$aBritish Library$bHMNTS$jYF.2013.a.13486
=856  42$uhttp://digital.casalini.it/9788882127107
=CAT  \\$a11375$b40$c20100927$lBLL01$h1152
=CAT  \\$a5512$b40$c20130725$lBLL01$h1048
=CAT  \\$a5512$b40$c20130725$lBLL01$h1049
=CAT  \\$aBATCH-UPD$b40$c20160229$lBLL01$h2042
=CAT  \\$aW2308-1659$c20230923$lBLL01$h1101
=FIN  \\$aY$d20130725
=FMT  \\$a  BK
=LAS  \\$aW2308-1659$b00$c20230923$lBLL01$h1101
=SRC  \\$aBLL02

