=LDR  01433cam a22004214a 4500
=001  015657739
=003  Uk
=005  20101021112707.0
=008  100628s2010\\\\it\\\\\\\b\\\\000\0\ita\\
=010  \\$a  2010512672
=020  \\$a9788856401035 (pbk.)
=020  \\$a8856401037 (pbk.)
=035  \\$a(OCoLC)0639152086
=035  \\$a(ItFiC)it10953176
=040  \\$aDLC$cDLC$dUk
=042  \\$aukblcatcopy
=050  00$aPQ4835.E47$bZ69 2010
=100  1\$aGurrieri, Elena.
=245  10$aQuel che resta del sogno :$bSandro Penna, dieci studi, (1989-2009) /$cElena Gurrieri.
=260  \\$aFirenze :$bM. Pagliai,$cc2010.
=300  \\$a165 p. ;$c17 cm.
=336  \\$atext$2rdacontent
=337  \\$aunmediated$2rdamedia
=338  \\$avolume$2rdacarrier
=490  0\$aStudi e testi di letteratura italiana e straniera ;$v4
=490  0\$aBiblioteca del caffè
=500  \\$aElectronic ed. avail. at the URL: http: / / digital.casalini.it/ 9788856401035.
=504  \\$aIncludes bibliographical references.
=600  10$aPenna, Sandro$xCriticism and interpretation.
=852  41$aBritish Library$bHMNTS$jYF.2010.a.28408
=856  42$uhttp://digital.casalini.it/9788856401035
=CAT  \\$a11375$b40$c20100927$lBLL01$h1337
=CAT  \\$a12630$b40$c20101021$lBLL01$h1127
=CAT  \\$aW2308-1659$c20230923$lBLL01$h1101
=FIN  \\$aY$d20101021
=FMT  \\$a  BK
=LAS  \\$aW2308-1659$b00$c20230923$lBLL01$h1101
=SRC  \\$aBLL02

