=LDR  01412cam a22004094a 4500
=001  015658652
=003  Uk
=005  20101220105558.0
=008  100419s2008\\\\it\\\\\\\b\\\\001\0\ita\\
=010  \\$a2010421559
=020  \\$a9788886808347 (pbk.)
=035  \\$a(OCoLC)0566962272
=035  \\$a(ItFiC)it10808213
=040  \\$aDLC$beng$cDLC$dUk
=042  \\$aukblsr
=100  1\$aCastiglione, Pietro,$d1925-
=245  10$aNovecento siciliano :$bda Garibaldi a Mussolini, 1860-1943 /$cPietro Castiglione.
=260  \\$aCatania :$bEdizioni del prisma,$cc2008.
=300  \\$a253 p. ;$c22 cm.
=336  \\$atext$2rdacontent
=337  \\$aunmediated$2rdamedia
=338  \\$avolume$2rdacarrier
=490  0\$aBiblioteca siciliana ;$v5
=504  \\$aIncludes bibliographical references and indexes.
=651  \0$aSicily (Italy)$xHistory$y1870-1945.
=651  \0$aSicily (Italy)$xEconomic conditions$y1870-1945.
=651  \0$aSicily (Italy)$xSocial conditions$y1870-1945.
=651  \0$aSicily (Italy)$xPolitics and government$y1870-1945.
=852  41$aBritish Library$bHMNTS$jYF.2010.a.32023
=856  42$uhttp://digital.casalini.it/9788886808347
=CAT  \\$a11375$b40$c20100928$lBLL01$h1535
=CAT  \\$a12640$b40$c20101220$lBLL01$h1055
=CAT  \\$aW2308-1659$c20230923$lBLL01$h1101
=FIN  \\$aY$d20101220
=FMT  \\$a  BK
=LAS  \\$aW2308-1659$b00$c20230923$lBLL01$h1101
=SID  \\$aZ39$bLOC

