=LDR  01170cam a22003734a 4500
=001  015687707
=003  Uk
=005  20101123134905.0
=008  100712s2007\\\\it\a\\\\\\\\\\000\1\ita\\
=010  \\$a  2010512290
=020  \\$a9788849128628
=035  \\$a(OCoLC)0642806036
=035  \\$a(ItFiC)it09800549
=040  \\$aDLC$cDLC$dUk
=042  \\$aukblderived
=050  00$aPQ4862.A7416$bC36 2007
=100  1\$aBaruzzi, Luciana.
=245  13$aIl cammello nero del sonno /$cLuciana Baruzzi.
=260  \\$aBologna :$bCLUEB,$cc2007.
=300  \\$a222 p. :$bcol. ill. ;$c21 cm.
=336  \\$atext$2rdacontent
=337  \\$aunmediated$2rdamedia
=338  \\$avolume$2rdacarrier
=500  \\$aShort stories.
=500  \\$aElectronic ed. avail. at the URL: http: / / digital.casalini.it/ 9788849128628.
=852  41$aBritish Library$bHMNTS$jYF.2010.a.30046
=856  42$uhttp://digital.casalini.it/9788849128628
=CAT  \\$a5918$b40$c20101104$lBLL01$h1544
=CAT  \\$a11002$b40$c20101123$lBLL01$h1349
=CAT  \\$aW2308-1659$c20230923$lBLL01$h1102
=FIN  \\$aY$d20101123
=FMT  \\$a  BK
=LAS  \\$aW2308-1659$b00$c20230923$lBLL01$h1102
=SRC  \\$aBLL02

