=LDR  01507cam a2200433 a 4500
=001  015687719
=003  Uk
=005  20110330121908.0
=008  100705s2010\\\\it\a\\\\\b\\\\000\1dita\d
=020  \\$a9788856401141 (pbk.)
=020  \\$a8856401142 (pbk.)
=035  \\$a(OCoLC)646006873
=040  \\$aC3L$beng$cC3L$dUk
=042  \\$aukblsr
=043  \\$ae-it---
=045  \\$aw1w9
=100  1\$aBandi, Giuseppe,$d1834-1894.
=245  12$aI mille :$bun toscano al fianco di Garibaldi /$cGiuseppe Bandi ; presentazione di Carlo Azeglio Ciampi ; introduzione di Cosimo Ceccuti.
=260  \\$aFirenze :$bM. Pagliai,$cc2010.
=300  \\$a399 p. :$b1 ill. ;$c21 cm.
=336  \\$atext$2rdacontent
=337  \\$aunmediated$2rdamedia
=338  \\$avolume$2rdacarrier
=490  0\$aStorie del mondo ;$v5
=500  \\$aOriginally published: Firenze : A. Salani, 1902.
=504  \\$aIncludes bibliographical references.
=530  \\$aAlso available via the Internet.
=600  10$aGaribaldi, Giuseppe,$d1807-1882$vFiction.
=600  10$aBandi, Giuseppe,$d1834-1894$vFiction.
=651  \0$aItaly$xHistory$yWar of 1860-1861$vFiction.
=852  41$aBritish Library$bHMNTS$jYF.2011.a.7840
=856  42$uhttp://digital.casalini.it/9788856401141
=CAT  \\$a5918$b40$c20101104$lBLL01$h1550
=CAT  \\$a5521$b40$c20110330$lBLL01$h1219
=CAT  \\$aW2308-1659$c20230923$lBLL01$h1102
=FIN  \\$aY$d20110330
=FMT  \\$a  BK
=LAS  \\$aW2308-1659$b00$c20230923$lBLL01$h1102
=SID  \\$aZ39$bOCLC

