=LDR  01539cam a2200433 a 4500
=001  015719105
=003  Uk
=005  20110218163538.0
=008  101004s2009\\\\it\a\\\\\b\\\\000\0bita\d
=020  \\$a9788881015535 (pbk.)
=020  \\$a8881015536 (pbk.)
=035  \\$a(OCoLC)668178064
=040  \\$aC3L$beng$cC3L$dHLS$dUk
=042  \\$aukblsr
=043  \\$ae-it---
=045  \\$aw1w9$ax0x4$ax4x-
=050  14$aPQ4088$b.P378 2009
=100  1\$aPellegrini, Luigi.
=245  13$aIl ricordo :$balla memoria di T. Fiore, L. Répaci, F. Grisi, G. Selvaggi, A. Piromalli /$cLuigi Pellegrini.
=260  \\$aCosenza :$bL. Pellegrini,$c[2009]
=300  \\$a136 p. :$bill. ;$c21 cm.
=336  \\$atext$2rdacontent
=337  \\$aunmediated$2rdamedia
=338  \\$avolume$2rdacarrier
=500  \\$aCollection of articles previously published in various Italian newspapers and periodicals.
=504  \\$aIncludes bibliographical references.
=650  \0$aAuthors, Italian$y20th century$vBiography.
=650  \0$aIntellectuals$zItaly$vBiography.
=650  \0$aItalian literature$y20th century$xHistory and criticism.
=852  41$aBritish Library$bHMNTS$jYF.2011.a.4505
=856  42$uhttp://digital.casalini.it/9788881015535
=CAT  \\$a11375$b40$c20101220$lBLL01$h1100
=CAT  \\$a11131$b40$c20110120$lBLL01$h1413
=CAT  \\$a12640$b40$c20110218$lBLL01$h1635
=CAT  \\$aW2308-1659$c20230923$lBLL01$h1104
=FIN  \\$aY$d20110218
=FMT  \\$a  BK
=LAS  \\$aW2308-1659$b00$c20230923$lBLL01$h1104
=SID  \\$aZ39$bOCLC

