=LDR  01749cam a2200493 a 4500
=001  015719182
=003  Uk
=005  20110111172401.0
=008  090811s2008\\\\it\\\\\\\b\\\\001\0\ita\d
=020  \\$a9788860742315 (pbk.)
=020  \\$a8860742315 (pbk.)
=035  \\$a(OCoLC)430145126
=040  \\$aC3L$beng$cC3L$dHLS$dUk
=041  0\$aita$aspa
=042  \\$aukblsr
=043  \\$ae-po---$ae-sp---
=045  \\$ao0s9
=050  14$aPQ6412.M7$bC6335 2008
=100  1\$aLievens, Anne-Marie.
=245  10$aMartínez versus Ulloa :$bdue autori, un Arcipreste de Talavera /$cAnne-Marie Lievens.
=260  \\$aPerugia :$bMorlacchi,$c2008.
=300  \\$a174 p. ;$c24 cm.
=336  \\$atext$2rdacontent
=337  \\$aunmediated$2rdamedia
=338  \\$avolume$2rdacarrier
=490  0\$aCollana di studi ispanici / Università degli studi di Perugia ;$v2
=504  \\$aIncludes bibliographical references and index.
=530  \\$aAlso available via the Internet.
=546  \\$aText in Italian with some Spanish.
=600  10$aMartínez de Toledo, Alfonso,$d1398?-1466$xAuthorship.
=600  10$aMartínez de Toledo, Alfonso,$d1398?-1466.$tCorbacho.
=600  10$aUlloa, Alfonso de,$d-approximately 1580$xAuthorship.
=852  41$aBritish Library$bHMNTS$jYF.2011.a.1942
=856  42$uhttp://digital.casalini.it/9788860742315
=985  \\$aRecord amended for WR# 13/070
=CAT  \\$a8197$b40$c20101220$lBLL01$h1143
=CAT  \\$a5521$b40$c20110111$lBLL01$h1724
=CAT  \\$aWR13_070$b00$c20130504$lBLL01$h0329
=CAT  \\$aW2308-1659$c20230923$lBLL01$h1104
=CAT  \\$aBATCH-UPD$b00$c20230926$lBLL01$h0453
=FIN  \\$aY$d20110111
=FMT  \\$a  BK
=LAS  \\$aBATCH-UPD$b00$c20230926$lBLL01$h0453
=SID  \\$aZ39$bOCLC

