=LDR  01883cam a2200493 a 4500
=001  015724650
=003  Uk
=005  20110523125549.0
=008  101015s2009\\\\it\a\\\\\b\\\\001\0\ita\d
=020  \\$a9788859607687 (pbk.)
=020  \\$a885960768X (pbk.)
=035  \\$a(OCoLC)0664672820
=035  \\$a(ItFiC)it10851240
=035  \\$a(OCoLC)691124513
=040  \\$aHLS$beng$cHLS$dUk
=041  0\$aita$alat
=042  \\$aukblsr
=050  14$aPA2073.A543$bV35 2010
=100  1\$aValla, Lorenzo,$d1407-1457.
=240  10$aEmendationes quorundam locorum ex Alexandro ad Alfonsum primum Aragonum regem
=245  10$aLaurentii Valle Emendationes quorundam locorum ex Alexandro ad Alfonsum primum Aragonum regem /$ca cura di Clementina Marsico.
=260  \\$aFirenze :$bPolistampa,$cc2009.
=300  \\$a268 p. :$bill. ;$c25 cm.
=336  \\$atext$2rdacontent
=337  \\$aunmediated$2rdamedia
=338  \\$avolume$2rdacarrier
=490  0\$aEdizione nazionale delle opere di Lorenzo Valla. 5, Opere grammaticali ;$v2
=504  \\$aIncludes bibliographical references and indexes.
=546  \\$aText in original Latin; critical matter in Italian.
=600  00$aAlexander,$cde Villa Dei.$tDoctrinale puerorum.
=600  10$aValla, Lorenzo,$d1407-1457.$tEmendationes quorundam locorum ex Alexandro ad Alfonsum primum Aragonum regem.
=650  \0$aLatin language$xGrammar$vEarly works to 1500.
=700  1\$aMarsico, Clementina.
=852  41$aBritish Library$bHMNTS$jYF.2011.a.997
=856  42$uhttp://digital.casalini.it/9788859607680
=CAT  \\$a8157$b40$c20101229$lBLL01$h1129
=CAT  \\$a5521$b40$c20110421$lBLL01$h1412
=CAT  \\$a11342$b40$c20110523$lBLL01$h1255
=CAT  \\$aW2308-1659$c20230923$lBLL01$h1104
=FIN  \\$aY$d20110421
=FMT  \\$a  BK
=LAS  \\$aW2308-1659$b00$c20230923$lBLL01$h1104
=SID  \\$aZ39$bLOC
=SID  \\$aZ39$bOCLC

