=LDR  02108cam a2200541 a 4500
=001  015733705
=003  Uk
=005  20110418165129.0
=008  100503m20099999it\ab\\\\b\\\|001\0\fre\c
=010  \\$a  2010475270
=020  \\$a9782728308354 (v. 1)
=035  \\$a(OCoLC)ocn607965546
=040  \\$aC3L$beng$cC3L$dCGU$dGEBAY$dERASP$dDLC$dUk
=041  0\$afre$aita$alat$bfre$bita
=042  \\$aukblsr
=043  \\$ae-it---
=050  00$aDG66$b.P56 2009
=245  00$aPincio.
=260  \\$a[Rome] :$bÉcole française de Rome :$bSoprintendenza speciale per i beni archeologici di Roma,$c2009-
=300  \\$av. <1> :$bill. (some col.), maps (some col.) ;$c29 cm.
=336  \\$atext$2rdacontent
=337  \\$aunmediated$2rdamedia
=338  \\$avolume$2rdacarrier
=490  1\$aRoma antica ;$v7
=504  \\$aIncludes bibliographical references and indexes.
=505  1\$a1. La villa Médicis et le couvent de la Trinité-des-Monts à Rome : réinvestir un site antique / par Henri Broise et Vincent Jolivet ; en collaboration avec Giovanna Bandini ... [et al.].
=546  \\$aText in French or Italian with abstract in the same language; passages in Latin.
=610  20$aVilla Medici.
=610  20$aConvento di Trinità dei monti (Rome, Italy)
=650  \0$aExcavations (Archaeology)$zItaly$zPincian Hill.
=650  \0$aExcavations (Archaeology)$zItaly$zRome.
=650  07$aArchäologische Stätte.$2swd
=651  \0$aPincian Hill (Italy)$xAntiquities.
=651  \0$aRome$xAntiquities.
=700  1\$aBroise, Henri.
=700  1\$aJolivet, Vincent.
=710  2\$aÉcole française de Rome.
=710  1\$aItaly.$bSoprintendenza speciale per i beni archeologici di Roma.
=830  \0$aRoma antica ;$v7.
=852  41$aBritish Library$bHMNTS$jZA.9.b.2065(7)
=856  42$uhttp://digital.casalini.it/9782728308354
=CAT  \\$a8197$b40$c20110118$lBLL01$h1325
=CAT  \\$a12640$b40$c20110418$lBLL01$h1651
=CAT  \\$aBATCH-UPD$b40$c20210917$lBLL01$h2153
=FIN  \\$aY$d20110418
=FMT  \\$a  BK
=LAS  \\$aBATCH-UPD$b40$c20210917$lBLL01$h2153
=SRC  \\$aBLL02

