=LDR  01461 am a22004097a 4500
=001  015745685
=003  Uk
=005  20110203105406.0
=008  100531s2009\\\\sp\a\\\\\b\\\\100\0\cat\d
=020  \\$a9788492707195
=020  \\$a8492707194
=035  \\$a(OCoLC)635379011
=040  \\$aC3L$cC3L$dVA@$dUk
=042  \\$aukblderived
=043  \\$ae-po---$ae-sp---
=245  00$aFontanellana :$bestudis sobre l'època i l'obra de Francesc Fontanella (1622-1683/ 85) /$cedició a cura de Gabriel Sansano, Pep Valsalobre.
=260  \\$aGirona :$bDocumenta Universitaria,$c2009.
=300  \\$a367 p. :$bill. ;$c21 cm.
=336  \\$atext$2rdacontent
=337  \\$aunmediated$2rdamedia
=338  \\$avolume$2rdacarrier
=500  \\$aProceedings, Girona, 2006.
=500  \\$aText in Catalan.
=500  \\$aElectronic ed. avail. at the URL: http: / / digital.casalini.it/ 9788492707195.
=504  \\$aIncludes bibliographical references.
=600  10$aFontanella, Francesc,$d1622-approximately 1700$vCongresses.
=700  1\$aSansano, ó a cura de Gabriel.
=700  1\$aValsalobre, Pep.
=852  41$aBritish Library$bHMNTS$jYF.2011.a.3948
=856  42$uhttp://digital.casalini.it/9788492707195
=985  \\$aRecord amended for WR# 13/070
=CAT  \\$a11002$b40$c20110203$lBLL01$h1054
=CAT  \\$aWR13_070$b00$c20130504$lBLL01$h0330
=FIN  \\$aY$d20110203
=FMT  \\$a  BK
=LAS  \\$aWR13_070$b00$c20130504$lBLL01$h0330
=SID  \\$aZ39$bOCLC

