=LDR  01548 am a2200421 a 4500
=001  015768424
=003  Uk
=005  20110525154010.0
=008  110328s2010\\\\it\ab\\\\b\\\\001\0bita\\
=010  \\$a2011403033
=020  \\$a9788859608578 (pbk.)
=035  \\$a(OCoLC)0707459657
=035  \\$a(ItFiC)it11007117
=040  \\$aDLC$beng$cDLC$dUk
=042  \\$aukblsr
=245  00$aMonumenti del Giardino Puccini :$bun luogo del romanticismo in Toscana /$ca cura di Carlo Sisi.
=260  \\$aFirenze :$bPolistampa ;$a[Pistoia] :$bCassa di risparmio di Pistoia e Pescia,$cc2010.
=300  \\$a399 p. :$bill. (chiefly col.), maps ;$c30 cm.
=336  \\$atext$2rdacontent
=337  \\$aunmediated$2rdamedia
=338  \\$avolume$2rdacarrier
=500  \\$aElectronic ed. avail. at the URL: http: / / digital.casalini.it/ 9788859608578.
=504  \\$aIncludes bibliographical references and index.
=600  10$aPuccini, Niccolò,$d1799-1852$xArt patronage.
=650  \0$aGardens$zItaly$zPistoia.
=651  \0$aGiardino Puccini (Pistoia, Italy)
=700  1\$aSisi, Carlo.
=710  2\$aCassa di risparmio di Pistoia e Pescia.
=852  41$aBritish Library$bHMNTS$jLF.31.b.7636
=856  42$uhttp://digital.casalini.it/9788859608578
=CAT  \\$a11375$b40$c20110309$lBLL01$h0931
=CAT  \\$a7483$b40$c20110525$lBLL01$h1539
=CAT  \\$a7483$b40$c20110525$lBLL01$h1540
=CAT  \\$aBATCH-UPD$b40$c20150128$lBLL01$h2056
=FIN  \\$aY$d20110525
=FMT  \\$a  BK
=LAS  \\$aBATCH-UPD$b40$c20150128$lBLL01$h2056
=SID  \\$aZ39$bLOC

