=LDR  01459 am a2200433 a 4500
=001  015768437
=003  Uk
=005  20110823145804.0
=008  110427s2011\\\\it\a\\\\\b\\\\010\0\ita\d
=020  \\$a9788859608677 (pbk.)
=020  \\$a8859608678 (pbk.)
=035  \\$a(OCoLC)715911338
=040  \\$aC3L$beng$cC3L$dUk
=041  0\$aita$aeng
=042  \\$aukblsr
=043  \\$ae-it---
=245  00$aStudi e memorie per Lovanio Rossi /$ca cura di Curzio Bastianoni.
=260  \\$aFirenze :$bPolistampa,$c2011.
=300  \\$a470 p. :$bill. (some col.) ;$c24 cm.
=336  \\$atext$2rdacontent
=337  \\$aunmediated$2rdamedia
=338  \\$avolume$2rdacarrier
=490  0\$aBiblioteca della Miscellanea storica della Valdelsa ;$vn. 24
=504  \\$aIncludes bibliographical references.
=530  \\$aAlso available via the Internet.
=546  \\$aText in Italian with one chapter in English.
=650  \0$aArt, Italian$zItaly$zColle di Val d'Elsa.
=651  \0$aColle di Val d'Elsa (Italy)$xHistory.
=700  1\$aRossi, Lovanio,$d1920-2007.
=700  1\$aBastianoni, Curzio.
=852  41$aBritish Library$bHMNTS$jYF.2011.a.18382
=856  42$uhttp://digital.casalini.it/9788859608677
=CAT  \\$a11375$b40$c20110309$lBLL01$h0948
=CAT  \\$aBATCH-UPD$b40$c20110309$lBLL01$h0949
=CAT  \\$a5521$b40$c20110823$lBLL01$h1458
=FIN  \\$aY$d20110823
=FMT  \\$a  BK
=LAS  \\$a5521$b40$c20110823$lBLL01$h1458
=SID  \\$aZ39$bOCLC

