=LDR  01372 am a22004094a 4500
=001  015801460
=003  Uk
=005  20151106173658.0
=008  100614s2009\\\\it\\\\\\\b\\\\001\0\ita\\
=010  \\$a  2010488126
=020  \\$a9788886808385
=035  \\$a(OCoLC)0631128519
=035  \\$a(ItFiC)it10825770
=040  \\$aDLC$cDLC
=042  \\$aukblcatcopy
=050  00$aDF77$b.M39 2009
=100  1\$aMazza, Mario.
=245  10$aTra Roma e Costantinopoli :$bellenismo, Oriente, cristianesimo nella tarda antichità : saggi scelti /$cMario Mazza.
=260  \\$aCatania :$bEdizioni del Prisma,$c2009.
=300  \\$axviii, 427 p. ;$c22 cm.
=336  \\$atext$2rdacontent
=337  \\$aunmediated$2rdamedia
=338  \\$avolume$2rdacarrier
=490  0\$aTesti e studi di storia antica ;$v23
=500  \\$aElectronic ed. avail. at the URL: http: / / digital.casalini.it/ 9788886808385.
=504  \\$aIncludes bibliographical references and index.
=650  \0$aHellenism.
=650  \0$aHistory, Ancient.
=852  41$aBritish Library$bHMNTS$jYF.2011.a.10331
=856  42$uhttp://digital.casalini.it/9788886808385
=CAT  \\$a8197$b40$c20110506$lBLL01$h1046
=CAT  \\$a8197$b40$c20110506$lBLL01$h1048
=CAT  \\$a12640$b40$c20151106$lBLL01$h1736
=FIN  \\$aY$d20110506
=FMT  \\$a  BK
=LAS  \\$a12640$b40$c20151106$lBLL01$h1736
=SRC  \\$aBLL02

