=LDR  01746 am a2200481 a 4500
=001  015822663
=003  Uk
=005  20111230142000.0
=008  110502s2010\\\\it\\\\\\\b\\\\000\0\ita\\
=010  \\$a  2010477831
=020  \\$a9788860817365 (pbk.)
=035  \\$a(OCoLC)0682880184
=035  \\$a(ItFiC)it10410333
=040  \\$aDLC$cDLC$dUk
=042  \\$aukblsr
=043  \\$ae-it---
=050  00$aJV8139.Z6$bM5555 2010
=100  1\$aPilati, Katia.
=245  13$aLa partecipazione politica degli immigrati :$bil caso di Milano /$cKatia Pilati.
=260  \\$aRoma :$bArmando,$cc2010.
=300  \\$a220 p. ;$c22 cm. +$e1 CD-ROM (4 3/4 in.)
=336  \\$atext$2rdacontent
=337  \\$aunmediated$2rdamedia
=338  \\$avolume$2rdacarrier
=490  1\$aDiritti, uguaglianza, integrazione / UNAR, Ufficio nazionale antidiscriminazioni razziali ;$v1
=500  \\$aRevision of the author's thesis (doctoral)--Università di Trento.
=504  \\$aIncludes bibliographical references (p. 199-220).
=650  \0$aImmigrants$xPolitical activity$zItaly$zMilan.
=650  \0$aEmigration and immigration$xPolitical aspects$zItaly$zMilan.
=651  \0$aMilan (Italy)$xEmigration and immigration.
=651  \0$aMilan (Italy)$xPolitics and governement.
=830  \0$aDiritti uguaglianza integrazione ;$v1.
=852  41$aBritish Library$bHMNTS$jYF.2012.a.26
=856  42$uhttp://digital.casalini.it/9788860817365
=CAT  \\$a11375$b40$c20110608$lBLL01$h1428
=CAT  \\$a11342$b40$c20111229$lBLL01$h1912
=CAT  \\$a11342$b40$c20111230$lBLL01$h1342
=CAT  \\$a11342$b40$c20111230$lBLL01$h1420
=FIN  \\$aY$d20111229
=FMT  \\$a  BK
=LAS  \\$a11342$b40$c20111230$lBLL01$h1420
=SID  \\$aZ39$bLOC
=SRC  \\$aBLL02

