=LDR  01513 am a22004457a 4500
=001  015823472
=003  Uk
=005  20110707104145.0
=008  110523s2010\\\\it\a\\\\\bs\\\000\0\ita\d
=020  \\$a9788889637418 (pbk.)
=020  \\$a8889637412 (pbk.)
=020  \\$a9788889637425 (online)
=035  \\$a(OCoLC)726827161
=040  \\$aC3L$beng$cC3L$dUk
=042  \\$aukblsr
=043  \\$ae-it---
=045  \\$ax4x-
=245  00$aRapporto sullo stato dell'editoria in Italia 2010 :$bcon la mappa dell'editoria.
=260  \\$aMilano :$bAssociazione italiana editori :$bEdiser,$cc2010.
=300  \\$a108 p. :$bcol. ill. ;$c24 cm. +$e1 folded sheet.
=336  \\$atext$2rdacontent
=337  \\$aunmediated$2rdamedia
=338  \\$avolume$2rdacarrier
=490  0\$aQG ;$v27-28
=504  \\$aIncludes bibliographical references.
=530  \\$aAlso available via the Internet.
=650  \0$aBook industries and trade$zItaly.
=650  \0$aPublishers and publishing$zItaly.
=650  \0$aBook industries and trade$zItaly$vStatistics.
=650  \0$aPublishers and publishing$zItaly$vStatistics.
=710  2\$aAssociazione italiana editori.
=852  41$aBritish Library$bHMNTS$jYF.2011.a.15196
=856  42$uhttp://digital.casalini.it/9788889637425
=CAT  \\$a8197$b40$c20110610$lBLL01$h0855
=CAT  \\$a5521$b40$c20110705$lBLL01$h1146
=CAT  \\$a5521$b40$c20110707$lBLL01$h1041
=FIN  \\$aY$d20110705
=FMT  \\$a  BK
=LAS  \\$a5521$b40$c20110707$lBLL01$h1041
=SID  \\$aZ39$bOCLC

