=LDR  02114cam a2200565 a 4500
=001  015867480
=003  Uk
=005  20120105171944.0
=008  110328s2010\\\\it\a\\\\\b\\\\101\0\ita\c
=010  \\$a  2011403046
=020  \\$a9788884539304 (pbk.)
=020  \\$a8884539307 (pbk.)
=020  \\$z9788884539311 (online)
=035  \\$a(OCoLC)0693813096
=035  \\$a(ItFiC)it10869654
=035  \\$a(OCoLC)ocn693813096
=040  \\$aNjP$cPUL$dC3L$dDLC$dUk
=041  0\$aita$aeng
=042  \\$aukblsr
=043  \\$ae-it---
=050  00$aDG70.C33$bC38 2010
=245  00$aCaulonia tra Crotone e Locri :$batti del convegno internazionale, Firenze, 30 maggio - 1 giugno 2007 /$ca cura di Lucia Lepore e Paola Turi.
=260  \\$aFirenze :$bFirenze University Press,$c2010.
=300  \\$a2 v. (547 p.) :$bill. ;$c26 cm.
=336  \\$atext$2rdacontent
=337  \\$aunmediated$2rdamedia
=338  \\$avolume$2rdacarrier
=490  1\$aAtti ;$v27
=500  \\$aAlso available online.
=504  \\$aIncludes bibliographical references (v. 2, p. 495-532) and indexes.
=546  \\$aContributions in Italian, except one in English.
=650  \0$aExcavations (Archaeology)$zItaly$zCaulonia$vCongresses.
=651  \0$aCaulonia (Italy)$xAntiquities$vCongresses.
=700  1\$aLepore, L.$q(Lucia).
=700  1\$aTuri, Paola.
=710  2\$aUniversità di Firenze.$bDipartimento di scienze dell'antichità "Giorgio Pasquali".
=710  1\$aFlorence (Italy).$bCommissione cultura, istruzione, sport.
=710  1\$aItaly.$bSoprintendenza per i beni archeoligici della Calabria.
=830  \0$aAtti (Firenze University Press) ;$v27.
=852  41$aBritish Library$bHMNTS$jYF.2012.b.43
=856  42$uhttp://digital.casalini.it/9788884539311
=CAT  \\$a11375$b40$c20110815$lBLL01$h0851
=CAT  \\$a11342$b40$c20120105$lBLL01$h1704
=CAT  \\$a11342$b40$c20120105$lBLL01$h1706
=CAT  \\$a11342$b40$c20120105$lBLL01$h1719
=CAT  \\$aBATCH-UPD$b40$c20220709$lBLL01$h1732
=FIN  \\$aY$d20120105
=FMT  \\$a  BK
=LAS  \\$aBATCH-UPD$b40$c20220709$lBLL01$h1732
=SID  \\$aZ39$bLOC

