=LDR  01463 am a22004457a 4500
=001  015898558
=003  Uk
=005  20111025105225.0
=008  110131s2010\\\\it\\\\\\\b\\\\000\0\ita\d
=020  \\$a9788884539847
=020  \\$a8884539846
=035  \\$a(OCoLC)699720493
=040  \\$aC3L$cC3L$dFIE$dUk
=042  \\$aukblderived
=043  \\$ae-it---
=045  \\$aw1w9$ax0x4$ax4x-
=082  14$a945$221
=100  1\$aRogari, Sandro.
=245  10$aNazione e Stato nella storia d'Italia /$cSandro Rogari.
=260  \\$aFirenze :$bFirenze University Press,$c2010.
=300  \\$aviii, 40 p. ;$c17 cm.
=336  \\$atext$2rdacontent
=337  \\$aunmediated$2rdamedia
=338  \\$avolume$2rdacarrier
=490  1\$aLectio magistralis ;$v1
=500  \\$aUniversity lecture.
=500  \\$aOn cover: Lezioni e letture della Facoltà di scienze politiche Cesare Alfieri.
=500  \\$aElectronic ed. avail. at the URL: http: / / digital.casalini. it/ 9788884539823.
=504  \\$aIncludes bibliographical references.
=651  \0$aItaly$xHistory.
=830  \0$aLectio magistralis ;$v1.
=852  41$aBritish Library$bHMNTS$jYF.2011.a.23056
=856  42$uhttp://digital.casalini.it/9788884539823
=CAT  \\$a11375$b40$c20110927$lBLL01$h1331
=CAT  \\$a11131$b40$c20111024$lBLL01$h1057
=CAT  \\$a5512$b40$c20111025$lBLL01$h1052
=FIN  \\$aY$d20111024
=FMT  \\$a  BK
=LAS  \\$a5512$b40$c20111025$lBLL01$h1052
=SID  \\$aZ39$bOCLC

