=LDR  01466 am a22004337a 4500
=001  016002131
=003  Uk
=005  20120110154719.0
=008  111205s2011\\\\it\a\\\\\bs\\\000\0\ita\d
=020  \\$a9788889637449 (pbk.)
=020  \\$a8889637447 (pbk.)
=020  \\$a9788889637678 (online)
=035  \\$a(OCoLC)767577916
=040  \\$aC3L$beng$cC3L$dOCLCQ$dUk
=042  \\$aukblsr
=043  \\$ae-it---
=045  \\$ax4x-
=245  00$aRapporto sullo stato dell'editoria in Italia 2011 :$bcon la mappa dell'editoria.
=260  \\$aMilano :$bAssociazione italiana editori :$bEdiser,$cc2011.
=300  \\$a84 p. :$bcol. ill. ;$c24 cm. +$e1 folded sheet.
=336  \\$atext$2rdacontent
=337  \\$aunmediated$2rdamedia
=338  \\$avolume$2rdacarrier
=490  0\$aQG ;$v30
=504  \\$aIncludes bibliographical references.
=530  \\$aAlso available via the Internet.
=650  \0$aBook industries and trade$zItaly.
=650  \0$aPublishers and publishing$zItaly.
=650  \0$aBook industries and trade$zItaly$vStatistics.
=650  \0$aPublishers and publishing$zItaly$vStatistics.
=710  2\$aAssociazione italiana editori.
=852  41$aBritish Library$bHMNTS$jYF.2012.a.860
=856  42$uhttp://digital.casalini.it/9788889637678
=CAT  \\$a8197$b40$c20120104$lBLL01$h1604
=CAT  \\$a5521$b40$c20120110$lBLL01$h1547
=FIN  \\$aY$d20120110
=FMT  \\$a  BK
=LAS  \\$a5521$b40$c20120110$lBLL01$h1547
=SID  \\$aZ39$bOCLC

