=LDR  01543 am a2200445 a 4500
=001  016149780
=003  Uk
=005  20120917102830.0
=008  110502s2011\\\\it\a\\\\\b\\\\101\0bita\d
=010  \\$a  2010477819
=020  \\$a9788860321473
=020  \\$a8860321476
=035  \\$a(OCoLC)ocn711513821
=040  \\$aC3L$cC3L$dN15$dIXA$dDLC$dUk
=042  \\$aukblcatcopy
=043  \\$ae-it---
=045  \\$ax0x4$ax4x-
=050  00$aPQ4835.A18$bZ565 2011
=245  00$aAldo Palazzeschi a Roma :$batti della giornata di studi : Casa di Goethe, Roma, 20 aprile 2009 /$ca cura di Gino Tellini.
=260  \\$aFirenze :$bSocietà editrice fiorentina,$c2011.
=300  \\$axiv, 235 p. :$bill. (some col.) ;$c22 cm.
=336  \\$atext$2rdacontent
=337  \\$aunmediated$2rdamedia
=338  \\$avolume$2rdacarrier
=490  1\$aBiblioteca Palazzeschi ;$v08
=500  \\$aElectronic ed. avail. at the URL:.
=504  \\$aIncludes bibliographical references and index.
=600  10$aPalazzeschi, Aldo,$d1885-1974$xCriticism and interpretation$vCongresses.
=651  \0$aRome (Italy)$xIn literature$vCongresses.
=700  1\$aTellini, Gino,$d1946-
=710  2\$aCasa di Goethe.
=830  \0$aBiblioteca Palazzeschi ;$v08.
=852  41$aBritish Library$bHMNTS$jYF.2012.a.26458
=856  42$uhttp://digital.casalini.it/9788860321473
=CAT  \\$a5181$b40$c20120816$lBLL01$h1645
=CAT  \\$a5703$b40$c20120917$lBLL01$h1028
=FIN  \\$aY$d20120917
=FMT  \\$a  BK
=LAS  \\$a5703$b40$c20120917$lBLL01$h1028
=SRC  \\$aBLL02

