=LDR  01870 am a22004937a 4500
=001  016165623
=003  Uk
=005  20121012125316.0
=008  110321s2011\\\\it\a\\\\\b\\\\100\0\ita\d
=020  \\$a9788859608899
=020  \\$a8859608899
=035  \\$a(OCoLC)707959776
=040  \\$aC3L$cC3L$dHLS$dUk
=042  \\$aukblderived
=043  \\$ae-it---
=050  14$aBX4634.S32$bS26 2011
=082  14$a271$221
=245  00$aSant'Agata :$buna santa, una pieve, una comunità del Mugello /$ca cura di Lia Brunori Cianti.
=260  \\$aFirenze :$bPolistampa,$c2011.
=300  \\$a126 p. :$bill. (chiefly col.) ;$c24 cm.
=336  \\$atext$2rdacontent
=337  \\$aunmediated$2rdamedia
=338  \\$avolume$2rdacarrier
=500  \\$aPapers resulting from the meeting held in Scarperia, Italy, Feb. 5, 2011.
=500  \\$aIncl. (p. 77- 106) 1 text, publ. for the first time, by Tolomeo Nozzolini.
=500  \\$aAgatha (d. ca. 250), Saint.
=500  \\$aMugello, area of Tuscany.
=500  \\$aElectronic ed. avail. at the URL: http: / / digital.casalini.it/ 9788859608899.
=504  \\$aIncludes bibliographical references.
=600  00$aAgatha,$cSaint,$d-approximately 250$xCult$zItaly$zTuscany.
=610  20$aPieve di Sant'Agata Mugello (Scarperia, Italy)$xHistory$vSources.
=610  20$aPieve di Sant'Agata Mugello (Scarperia, Italy)$xHistory.
=651  \0$aScarperia (Italy)$xChurch history.
=700  1\$aBrunori Cianti, Lia.
=852  41$aBritish Library$bHMNTS$jYF.2012.a.29098
=856  42$uhttp://digital.casalini.it/9788859608899
=985  \\$aRecord amended for WR# 13/070
=CAT  \\$a8301$b40$c20120907$lBLL01$h1107
=CAT  \\$a11131$b40$c20121012$lBLL01$h1253
=CAT  \\$aWR13_070$b00$c20130504$lBLL01$h0340
=FIN  \\$aY$d20121012
=FMT  \\$a  BK
=LAS  \\$aWR13_070$b00$c20130504$lBLL01$h0340
=SID  \\$aZ39$bOCLC

