=LDR  01686 am a2200493 a 4500
=001  016712429
=003  Uk
=005  20140613133007.0
=008  140324s2013\\\\it\a\\\\\b\\\\001\0bita\d
=020  \\$a9788866554639
=020  \\$a8866554634
=035  \\$a(OCoLC)874573482
=040  \\$aC3L$beng$cC3L$dOCLCO$dEYM$dUk
=042  \\$aukblderived
=043  \\$ae-it---
=045  \\$ao0s9$at0u9
=050  \4$aE
=082  14$a945$221
=100  1\$aVespucci, Amerigo,$d1451-1512.
=245  10$aCronache epistolari :$blettere, 1476-1508 /$cAmerigo Vespucci ; a cura di Leandro Perini.
=260  \\$aFirenze :$bFirenze University Press,$c2013.
=300  \\$al, 186 p. :$bill. ;$c22 cm.
=336  \\$atext$2rdacontent
=337  \\$aunmediated$2rdamedia
=338  \\$avolume$2rdacarrier
=490  1\$aStorici e cronisti di Firenze
=490  1\$aBiblioteca di storia ;$v22
=500  \\$aLetters.
=500  \\$aElectronic ed. avail. at the URL: http: / / digital.casalini.it/ 9788866554646.
=504  \\$aIncludes bibliographical references and index.
=600  10$aVespucci, Amerigo,$d1451-1512$vCorrespondence.
=650  \0$aExplorers$zItaly$vBiography.
=651  \0$aAmerica$xDiscovery and exploration$xSpanish.
=651  \0$aFlorence (Italy)$xHistory$y1421-1737.
=830  \0$aStorici e cronisti di Firenze.
=830  \0$aBiblioteca di storia ;$v22.
=852  41$aBritish Library$bHMNTS$jYF.2014.a.14508
=856  41$uhttp://digital.casalini.it/9788866554646
=CAT  \\$a11131$b40$c20140512$lBLL01$h1225
=CAT  \\$a11131$b40$c20140613$lBLL01$h1330
=FIN  \\$aY$d20140613
=FMT  \\$a  BK
=LAS  \\$a11131$b40$c20140613$lBLL01$h1330
=SID  \\$aZ39$bOCLC

