=LDR  01571 am a2200409 i 4500
=001  016746307
=003  Uk
=005  20140717085454.0
=008  140214s2013\\\\it\\\\\\\b\\\\101\0\ita\d
=010  \\$a  2013471344
=020  \\$a9788896177877 :$c12.00 EUR
=035  \\$a(ItFiC)it 14030519
=040  \\$aItFiC$beng$cItFiC$dDLC$dUk$erda
=042  \\$aukblderived
=043  \\$ae-it---
=050  00$aHX902$b.N38 2013
=111  2\$a"Nel fosco fin del secolo morente, l'anarchismo italiano nella crisi di fine secolo" (Conference)$d(2011 :$cCarrara, Italy)
=245  10$a"Nel fosco fin del secolo morente" :$bl'anarchismo italiano nella crisi di fine secolo : atti del convegno di studi storici, Carrara, 29 ottobre 2011 /$ca cura di Giorgio Sacchetti.
=250  \\$a1a edizione.
=264  \1$aMilano :$bBiblion,$c[2013]
=300  \\$a180 pages ;$c22 cm.
=336  \\$atext$2rdacontent
=337  \\$aunmediated$2rdamedia
=338  \\$avolume$2rdacarrier
=490  0\$aStoria, politica, società ;$v16
=504  \\$aIncludes bibliographical references and index.
=650  \0$aAnarchism$zItaly$xHistory$y19th century$vCongresses.
=651  \0$aItaly$xHistory$y1870-1914$vCongresses.
=700  1\$aSacchetti, Giorgio,$d1951-$eeditor of compilation.
=852  41$aBritish Library$bHMNTS$jYF.2014.a.16704
=856  41$uhttp://digital.casalini.it/9788896177877
=CAT  \\$a10904$b40$c20140623$lBLL01$h1336
=CAT  \\$a11131$b40$c20140717$lBLL01$h0854
=FIN  \\$aY$d20140717
=FMT  \\$a  BK
=LAS  \\$a11131$b40$c20140717$lBLL01$h0854
=SRC  \\$aBLL02

