=LDR  02154cam a22005657a 4500
=001  013810556
=003  Uk
=005  20230924065431.0
=008  060710s2006\\\\it\a\\\\\b\\\\000\0\eng\d
=020  \\$a9788884534545 (pbk.)
=020  \\$a8884534542 (pbk.)
=035  \\$a(OCoLC)70275944
=040  \\$aC3L$cC3L$dIAY$dUk
=045  \\$ax4x-
=082  14$a624$221
=245  00$aPerformance of wind exposed structures :$bresults of the PERBACCO project /$cedited by Gianni Bartoli ... [et. al.].
=260  \\$aFirenze :$bFirenze University Press,$c2006.
=300  \\$a146 p. :$bill. ;$c24 cm.
=336  \\$atext$2rdacontent
=337  \\$aunmediated$2rdamedia
=338  \\$avolume$2rdacarrier
=490  1\$aMonografie scienze tecnologiche ;$v15
=500  \\$aCollected essays.
=500  \\$aElectronic ed. avail. at the URL: http: / / digital.casalini.it/ 8884534534.
=504  \\$aIncludes bibliographical references.
=540  \\$aCurrent Copyright Fee: GBP25.00$c0$5Uk
=700  1\$aBartoli, Gianni.
=830  \0$aMonografie scienze tecnologiche ;$v15.
=852  41$aBritish Library$bDSC$j5913.310000$iv. 15 (2006)
=856  42$uhttp://digital.casalini.it/8884534534
=ACF  \\$aPrevious Copyright Fee: GBP20.00$c0$e01-jan-2020$fGBP20.00$g0$hA$5Uk
=CAT  \\$a8411$b40$c20070807$lBLL01$h1624
=CAT  \\$a11250$b40$c20070809$lBLL01$h1552
=CAT  \\$aBATCH$b00$c20091217$lBLL01$h0502
=CAT  \\$aBATCH$b00$c20100103$lBLL01$h1255
=CAT  \\$aBATCH-CLA$b00$c20200128$lBLL01$h0530
=CAT  \\$aBATCH-UPD$b00$c20200128$lBLL01$h2201
=CAT  \\$aBATCH-CLA$b00$c20200129$lBLL01$h0220
=CAT  \\$aBATCH-CLA$b00$c20201204$lBLL01$h1543
=CAT  \\$aIPL-CLA$c20201231$lBLL01$h2223
=CAT  \\$aBATCH-CLA$b00$c20221221$lBLL01$h1853
=CAT  \\$aIPL-CLA$c20221231$lBLL01$h2140
=CAT  \\$aW2308-1659$c20230923$lBLL01$h1107
=CAT  \\$aBATCH-CLA$b00$c20230924$lBLL01$h0654
=CFI  0\$aCurrent Copyright Fee: GBP25.00$c0$e01-jan-2023$fGBP25.00$g0$hA$5Uk
=FIN  \\$aY$d20070809
=FMT  \\$a  BK
=LAS  \\$aBATCH-CLA$b00$c20230924$lBLL01$h0654
=SID  \\$aZ39$bOCLC
=TCO  \\$aITA$bAIDRO / SIAE$c008

