=LDR  01504cam a22004697a 4500
=001  013822181
=003  Uk
=005  20180323143452.0
=008  070717s2006\\\\it\\\\\\\b\\\\000\0cita\d
=020  \\$a887547043X (pbk.)
=020  \\$a9788875470432 (pbk.)
=035  \\$a(OCoLC)156780141
=040  \\$aC3L$cC3L$dUk
=045  \\$ax0x4$ax4x-
=100  1\$aD'Ingiullo, Roberto.
=245  10$aEroi per un giorno :$buomini per la vita : cinquanta ritratti olimpici /$cRoberto D'Ingiullo.
=250  \\$a1. ed.
=260  \\$aTorino :$bMarco Valerio,$c2006.
=300  \\$a143 p. ;$c18 cm.
=336  \\$atext$2rdacontent
=337  \\$aunmediated$2rdamedia
=338  \\$avolume$2rdacarrier
=490  1\$aI boxer
=504  \\$aIncludes bibliographical references.
=530  \\$aAlso available via the Internet.
=650  \0$aAthletes$vBiography.
=650  \0$aOlympics.
=830  \0$aBoxer.
=852  41$aBritish Library$bHMNTS$jYF.2008.a.7175
=856  42$uhttp://digital.casalini.it/887547043X
=CAT  \\$a6191$b40$c20070820$lBLL01$h1649
=CAT  \\$a5521$b40$c20080207$lBLL01$h1211
=CAT  \\$a5100$b40$c20080219$lBLL01$h1411
=CAT  \\$aBATCH$b00$c20091217$lBLL01$h0504
=CAT  \\$aBATCH$b00$c20100103$lBLL01$h1256
=CAT  \\$aBATCH-UPD$b00$c20130617$lBLL01$h2018
=CAT  \\$a8874$b40$c20180323$lBLL01$h1434
=CAT  \\$aW2308-1659$c20230923$lBLL01$h1107
=FIN  \\$aY$d20080207
=FMT  \\$a  BK
=LAS  \\$aW2308-1659$b00$c20230923$lBLL01$h1107
=SID  \\$aZ39$bOCLC

