=LDR  01503cam a2200445 a 4500
=001  013822488
=003  Uk
=005  20080424145556.0
=008  000619s2000\\\\it\\\\\\\b\\\\000\0\ita\\
=010  \\$a00392841
=020  \\$a8884530008 (pbk.)
=035  \\$a(OCoLC)154199196
=035  \\$a(OCoLC)ocm44444561
=040  \\$aDLC$cDLC$dDLC$dUk
=042  \\$aukblsr
=043  \\$ae-it---
=045  \\$aw1w9$ax0x4$ax4x-
=050  00$aZ810.U48$bU77 2000
=082  00$a027.7094551$222
=100  1\$aUrso, Tomaso.
=245  14$aUna biblioteca in divenire :$bla biblioteca della Facoltà di lettere dalla penna all'elaboratore /$c[Tommaso Urso].
=260  \\$a[Firenze] :$bFlorence University Press,$cc2000.
=300  \\$a184 p. ;$c24 cm.
=336  \\$atext$2rdacontent
=337  \\$aunmediated$2rdamedia
=338  \\$avolume$2rdacarrier
=504  \\$aIncludes bibliographical references (p. 175-184).
=610  20$aUniversità di Firenze.$bFacoltà di lettere e filosofia.$bBiblioteca$xHistory.
=650  \0$aAcademic libraries$zItaly$zFlorence$xHistory.
=852  41$aBritish Library$bHMNTS$jYF.2008.a.14599
=856  42$uhttp://digital.casalini.it/8884531128
=CAT  \\$a6191$b40$c20070821$lBLL01$h0959
=CAT  \\$a5521$b40$c20080423$lBLL01$h1205
=CAT  \\$a5521$b40$c20080424$lBLL01$h1455
=CAT  \\$aW2308-1659$c20230923$lBLL01$h1107
=FIN  \\$aY$d20080423
=FMT  \\$a  BK
=LAS  \\$aW2308-1659$b00$c20230923$lBLL01$h1107
=SID  \\$aZ39$bOCLC
=SID  \\$aZ39$bLOC

