=LDR  01760cam a2200517 a 4500
=001  013822511
=003  Uk
=005  20080623113851.0
=008  070717s2006\\\\it\ab\\\\b\\\\000\0\ita\c
=020  \\$a9788881072309 (pbk.)
=020  \\$a8881072300 (pbk.)
=035  \\$a(OCoLC)156780138
=040  \\$aC3L$cC3L$dGZM$dUk
=042  \\$aukblsr
=043  \\$ae-bn---
=045  \\$ax4x-
=050  \4$aDR1667$b.V56 2006
=082  14$a306$221
=100  10$aViolante, Antonio.
=245  10$aLuoghi e paesaggi della Bosnia ed Erzegovina /$cAntonio Violante ; fotografie di Sandra Gladanac.
=250  \\$a1. ed.
=260  \\$aMilano :$bGuerini scientifica,$c2006.
=300  \\$a293 p. :$bill., maps ;$c23 cm.
=336  \\$atext$2rdacontent
=337  \\$aunmediated$2rdamedia
=338  \\$avolume$2rdacarrier
=490  1\$aScienze umane dell'ambiente
=500  \\$aElectronic ed. avail. at the URL: http: / / digital.casalini. it/ 8881072300.
=504  \\$aIncludes bibliographical references.
=651  \0$aBosnia and Hercegovina$xDescription and travel.
=690  7\$aSocial Welfare$2blcoll
=830  \0$aScienze umane dell'ambiente.
=852  41$aBritish Library$bHMNTS$jYF.2008.a.19492
=856  42$uhttp://digital.casalini.it/8881072300
=CAT  \\$a6191$b40$c20070821$lBLL01$h1021
=CAT  \\$a7483$b40$c20080623$lBLL01$h1138
=CAT  \\$aBATCH$b00$c20091217$lBLL01$h0504
=CAT  \\$aBATCH$b00$c20100103$lBLL01$h1257
=CAT  \\$aBATCH$b00$c20110625$lBLL01$h0530
=CAT  \\$aBATCH-SWP4$c20110627$lBLL01$h1613
=CAT  \\$aW2308-1659$c20230923$lBLL01$h1107
=CAT  \\$aBATCH-UPD$b00$c20230926$lBLL01$h0559
=FIN  \\$aY$d20080623
=FMT  \\$a  BK
=LAS  \\$aBATCH-UPD$b00$c20230926$lBLL01$h0559
=SID  \\$aZ39$bOCLC

