=LDR  01595cam a2200505 a 4500
=001  013822527
=003  Uk
=005  20080625113914.0
=008  070903s2006\\\\it\a\\\\\\\\\\000\0bita\\
=010  \\$a2007474727
=020  \\$a8885174752 (pbk.)
=020  \\$a9788885174757 (pbk.)
=035  \\$a(OCoLC)156956999
=035  \\$a(ItFiC)it07581203
=040  \\$aDLC$cDLC$dDLC$dUk
=042  \\$aukblsr
=043  \\$ae-it---
=045  \\$ax0x4$ax4x-
=050  00$aDG575.S22$bZ56 2006
=100  1\$aZimbaro, Giorgio.
=245  13$aIl deputato dei poveri :$bArmando Sabatini, un esempio da imitare /$cGiorgio Zimbaro.
=250  \\$a1. ed.
=260  \\$aTorino :$bM. Valerio,$c2006.
=300  \\$a93 p. :$bill. ;$c21 cm.
=336  \\$atext$2rdacontent
=337  \\$aunmediated$2rdamedia
=338  \\$avolume$2rdacarrier
=490  1\$aI saggi
=530  \\$aAlso available via the Internet.
=600  10$aSabatini, Armando,$d1908-2003.
=650  \0$aPoliticians$zItaly$vBiography.
=650  \0$aCatholics$zItaly$vBiography.
=650  \0$aChurch and state$zItaly$xHistory$y20th century.
=651  \0$aItaly$xPolitics and government$y20th century.
=830  \0$aSaggi (M. Valerio Edizioni)
=852  41$aBritish Library$bHMNTS$jYF.2008.a.19638
=856  42$uhttp://digital.casalini.it/8885174752
=CAT  \\$a6191$b40$c20070821$lBLL01$h1029
=CAT  \\$a5521$b40$c20080625$lBLL01$h1139
=CAT  \\$aW2308-1659$c20230923$lBLL01$h1107
=FIN  \\$aY$d20080625
=FMT  \\$a  BK
=LAS  \\$aW2308-1659$b00$c20230923$lBLL01$h1107
=SID  \\$aZ39$bOCLC
=SID  \\$aZ39$bLOC

