=LDR  01980cam a2200529 a 4500
=001  013822672
=003  Uk
=005  20080627075833.0
=008  070730s2007\\\\it\\\\\\\b\\\\000\0\ita\d
=020  \\$a8881034697 (pbk.)
=020  \\$a9788881034697 (pbk.)
=035  \\$a(OCoLC)159954207
=040  \\$aC3L$cC3L$dUk
=042  \\$aukblsr
=045  \\$at0u9$av0w1$aw1w9$ax0x4$ax4x-
=082  14$a306$221
=100  1\$aPranzetti, Luisa.
=245  13$aLe mani sugli indios /$cLuisa Pranzetti.
=260  \\$aReggio Emilia :$bDiabasis,$cc2007.
=300  \\$a133 p. ;$c21 cm.
=336  \\$atext$2rdacontent
=337  \\$aunmediated$2rdamedia
=338  \\$avolume$2rdacarrier
=490  1\$aQuaderni del Dipartimento di studi americani dell'Università degli studi di Roma Tre
=500  \\$aElectronic ed. avail. at the URL: http: / / digital.casalini.it/ 9788881034697.
=504  \\$aIncludes bibliographical references.
=650  \0$aLatin American literature$xIndian authors$xHistory and criticism.
=650  \0$aIndians$xIntellectual life.
=650  \0$aIndians in literature.
=690  7\$aSocial Welfare$2blcoll
=710  2\$aUniversità degli studi Roma tre.$bDipartimento di studi americani.
=830  \0$aQuaderni del Dipartimento di studi americani dell'Università degli studi di Roma Tre
=852  41$aBritish Library$bHMNTS$jYF.2008.a.19666
=856  42$uhttp://digital.casalini.it/9788881034697
=CAT  \\$a6191$b40$c20070821$lBLL01$h1134
=CAT  \\$a7483$b40$c20080626$lBLL01$h1052
=CAT  \\$a7483$b40$c20080627$lBLL01$h0758
=CAT  \\$aBATCH$b00$c20091217$lBLL01$h0504
=CAT  \\$aBATCH$b00$c20100103$lBLL01$h1257
=CAT  \\$aBATCH$b00$c20110625$lBLL01$h0530
=CAT  \\$aBATCH-SWP4$c20110627$lBLL01$h1613
=CAT  \\$aBATCH-UPD$b00$c20120813$lBLL01$h0815
=CAT  \\$aW2308-1659$c20230923$lBLL01$h1107
=FIN  \\$aY$d20080626
=FMT  \\$a  BK
=LAS  \\$aW2308-1659$b00$c20230923$lBLL01$h1107
=SID  \\$aZ39$bOCLC

