=LDR  01605cam a22004457a 4500
=001  013823118
=003  Uk
=005  20071129090556.0
=008  070730s2007\\\\it\b\\\\\b\\\\100\0\ita\d
=020  \\$a9788881034581 (pbk.)
=035  \\$a(ItFiC)it07222262
=040  \\$aItFiC$beng$cItFiC$dCStRLIN$dUk
=045  \\$ax0x4$ax4x-
=050  \4$aHM
=245  00$aDire la guerra, fare la guerra /$ca cura di Jeanne Clegg, Angelo Turco.
=260  \\$aReggio Emilia :$bDiabasis,$cc2007.
=300  \\$a188 p. :$bmaps ;$c23 cm.
=336  \\$atext$2rdacontent
=337  \\$aunmediated$2rdamedia
=338  \\$avolume$2rdacarrier
=490  1\$aPassages ;$v8.$aLa volta del cielo
=500  \\$aPrincipally papers presented to a congress held in L'Aquila, 2004.
=504  \\$aIncludes bibliographical references.
=530  \\$aElectronic ed. also available: http: / / digital.casalini. it/ 9788881034581.
=650  \0$aPolitics and war$vCongresses.
=650  \0$aWorld politics$y1995-2005$vCongresses.
=700  1\$aClegg, Jeanne.
=700  1\$aTurco, Angelo,$d1946-
=830  \0$aPassages (Reggio Emilia, Italy).$pVolta del cielo ;$v8.
=852  41$aBritish Library$bHMNTS$jYF.2007.a.33830
=856  42$uhttp://digital.casalini.it/9788881034581
=CAT  \\$a6191$b40$c20070821$lBLL01$h1452
=CAT  \\$a5521$b40$c20071127$lBLL01$h1433
=CAT  \\$a5521$b40$c20071129$lBLL01$h0905
=CAT  \\$aBATCH-UPD$b40$c20111017$lBLL01$h2019
=CAT  \\$aW2308-1659$c20230923$lBLL01$h1107
=FIN  \\$aY$d20071127
=FMT  \\$a  BK
=LAS  \\$aW2308-1659$b00$c20230923$lBLL01$h1107
=SID  \\$aZ39$bRLG

