=LDR  01816cam a22004937a 4500
=001  013825470
=003  Uk
=005  20080215143539.0
=008  070723s2007\\\\it\\\\\\\b\\\\001\0\ita\d
=020  \\$z9788884535883 (pbk.)
=020  \\$z9788884535875 (online)
=035  \\$a(ItFiC)it07580355
=040  \\$aItFiC$beng$cItFiC$dCStRLIN$dUk
=043  \\$ae-it
=045  \\$aw1w9
=050  \4$aJC
=100  1\$aBertini, Fabio,$d1945-
=245  13$aLa democrazia europea e il laboratorio risorgimentale italiano /$cFabio Bertini ; introduzione di Claudio De Boni.
=260  \\$aFirenze :$bFirenze University Press,$c2007.
=300  \\$a123 p. ;$c24 cm.
=336  \\$atext$2rdacontent
=337  \\$aunmediated$2rdamedia
=338  \\$avolume$2rdacarrier
=490  1\$aSeminario di storia delle idee politiche ;$vnuova ser., 3
=504  \\$aIncludes bibliographical references and index.
=530  \\$aAlso available via the Internet.
=650  \0$aDemocracy$zItaly$xHistory$y19th century.
=650  \0$aDemocracy$zFrance$xHistory$y19th century.
=651  \0$aItaly$xPolitics and government$y1849-1870.
=651  \0$aFrance$xPolitics and government$y1852-1870.
=830  \0$aSeminario di storia delle idee politiche ;$vnuova ser., 3.
=852  41$aBritish Library$bHMNTS$jYF.2008.a.7362
=856  42$uhttp://digital.casalini.it/9788884535875
=CAT  \\$a6191$b40$c20070822$lBLL01$h1436
=CAT  \\$a5521$b40$c20080215$lBLL01$h1435
=CAT  \\$aBATCH$b00$c20091217$lBLL01$h0504
=CAT  \\$aBATCH$b00$c20100103$lBLL01$h1257
=CAT  \\$aBATCH-UPD$b00$c20110211$lBLL01$h2018
=CAT  \\$aBATCH-UPD$b00$c20110211$lBLL01$h2021
=CAT  \\$aW2308-1659$c20230923$lBLL01$h1107
=FIN  \\$aY$d20080215
=FMT  \\$a  BK
=LAS  \\$aW2308-1659$b00$c20230923$lBLL01$h1107
=SID  \\$aZ39$bRLG

