=LDR  01329cam a2200421 a 4500
=001  013825824
=003  Uk
=005  20080716095757.0
=008  070723s2005\\\\it\\\\\\\b\\\\000\0\ita\d
=020  \\$a8875470278
=020  \\$a9788875470272
=035  \\$a(OCoLC)156956647
=040  \\$aC3L$cC3L$dUk
=042  \\$aukblsr
=043  \\$ae-it---
=045  \\$aw1w9$ax0x4$ax4x-
=100  1\$aDi Pol, Redi Sante.
=245  12$aL'istruzione infantile in Italia :$bdal Risorgimento alla riforma Moratti : studi e documenti /$cRedi Sante Di Pol.
=250  \\$a1. ed.
=260  \\$aTorino :$bMarco Valerio,$c2005.
=300  \\$a452 p. ;$c20 cm.
=336  \\$atext$2rdacontent
=337  \\$aunmediated$2rdamedia
=338  \\$avolume$2rdacarrier
=490  1\$aPedagogia
=504  \\$aIncludes bibliographical references.
=530  \\$aAlso available via the Internet.
=650  \0$aEducation, Preschool$zItaly$xHistory.
=830  \0$aPedagogia (Turin, Italy)
=852  41$aBritish Library$bHMNTS$jYF.2008.a.22168
=856  42$uhttp://digital.casalini.it/8875470278
=CAT  \\$a6191$b40$c20070823$lBLL01$h0955
=CAT  \\$a5521$b40$c20080716$lBLL01$h0957
=CAT  \\$aW2308-1659$c20230923$lBLL01$h1107
=FIN  \\$aY$d20080716
=FMT  \\$a  BK
=LAS  \\$aW2308-1659$b00$c20230923$lBLL01$h1107
=SID  \\$aZ39$bOCLC

