=LDR  01491cam a2200457 a 4500
=001  013825893
=003  Uk
=005  20080329103050.0
=008  070717s2007\\\\it\\\\\\\b\\\\001\0\ita\d
=020  \\$a8875470650 (pbk.)
=020  \\$a9788875470654 (pbk.)
=035  \\$a(OCoLC)156780139
=040  \\$aC3L$cC3L$dUk
=042  \\$aukblsr
=043  \\$ae------
=100  1\$aFedri, Elena.
=245  10$aDa Est a Ovest :$btra cultura e terrore della storia /$cElena Fedri.
=250  \\$a1. ed.
=260  \\$aTorino :$bMarco Valerio,$c2007.
=300  \\$a400 p. ;$c20 cm.
=336  \\$atext$2rdacontent
=337  \\$aunmediated$2rdamedia
=338  \\$avolume$2rdacarrier
=490  1\$aI saggi
=504  \\$aIncludes bibliographical references and index.
=530  \\$aAlso available via the Internet.
=651  \0$aEurope, Eastern$xCivilization$y20th century.
=651  \0$aRomania$xCivilization$xRoman influences.
=651  \0$aEurope, Eastern$xCivilization$xHistoriography.
=830  \0$aSaggi (M. Valerio Edizioni)
=852  41$aBritish Library$bHMNTS$jYF.2008.a.12802
=856  42$uhttp://digital.casalini.it/8875470650
=CAT  \\$a6191$b40$c20070823$lBLL01$h1055
=CAT  \\$a5521$b40$c20080312$lBLL01$h1419
=CAT  \\$a5521$b40$c20080314$lBLL01$h0902
=CAT  \\$a5100$b40$c20080329$lBLL01$h1030
=CAT  \\$aW2308-1659$c20230923$lBLL01$h1107
=FIN  \\$aY$d20080312
=FMT  \\$a  BK
=LAS  \\$aW2308-1659$b00$c20230923$lBLL01$h1107
=SID  \\$aZ39$bOCLC

