=LDR  02054cam a2200505 a 4500
=001  013826016
=003  Uk
=005  20090106164424.0
=008  070717s2006\\\\it\ab\\\\b\\\\101\0\ita\d
=020  \\$a8884533899 (pbk.)
=020  \\$a9788884533890 (pbk.)
=020  \\$a8884533880 (online)
=035  \\$a(OCoLC)156779646
=040  \\$aC3L$cC3L$dCUS$dNDD$dCUY$dIXA$dUk
=041  0\$aita$aeng
=042  \\$aukblsr
=043  \\$ae-it---
=045  \\$ao0s9
=050  \4$aDG530$b.I83 2006
=245  02$aL'Italia alla fine del Medioevo :$bi caratteri originali nel quadro europeo /$ca cura di Francesco Salvestrini.
=260  \\$aFirenze :$bFirenze University Press,$c2006.
=300  \\$a2 v. :$bill., map ;$c24 cm.
=336  \\$atext$2rdacontent
=337  \\$aunmediated$2rdamedia
=338  \\$avolume$2rdacarrier
=490  1\$aCollana di studi e ricerche / Centro di di studi sulla civiltà del tardo Medioevo, San Miniato ;$v9-10
=500  \\$aProceedings of two conferences held Oct. 2000 and Oct. 2002 by the Centro di studi sulla civiltà del tardo Medioevo, San Miniato, Italy.
=504  \\$aIncludes bibliographical references and index.
=530  \\$aAlso available via the Internet.
=546  \\$aMostly in Italian with some papers in English text.
=651  \0$aItaly$xHistory$y1268-1492$vCongresses.
=651  \0$aItaly$xCivilization$y1268-1559$vCongresses.
=700  1\$aSalvestrini, Francesco.
=710  2\$aCentro di studi sulla civiltà del tardo medioevo (San Miniato, Italy)
=830  \0$aCollana di studi e ricerche (Centro di studi sulla civiltà del tardo medioevo (San Miniato, Italy)) ;$v9-10.
=852  41$aBritish Library$bHMNTS$jYF.2009.a.581
=856  42$uhttp://digital.casalini.it/8884533880
=CAT  \\$a6191$b40$c20070823$lBLL01$h1205
=CAT  \\$a5521$b40$c20081231$lBLL01$h1104
=CAT  \\$a5521$b40$c20090106$lBLL01$h1644
=CAT  \\$aW2308-1659$c20230923$lBLL01$h1107
=FIN  \\$aY$d20081231
=FMT  \\$a  BK
=LAS  \\$aW2308-1659$b00$c20230923$lBLL01$h1107
=SID  \\$aZ39$bOCLC

