=LDR  01845cam a2200505 a 4500
=001  013834981
=003  Uk
=005  20080709143704.0
=008  070702s2007\\\\it\a\\\\\b\\\\100\0\ita\\
=010  \\$a2007456429
=035  \\$a(OCoLC)144614558
=035  \\$a(ItFiC)it07181299
=040  \\$aDLC$cDLC$dDLC$dUk
=042  \\$aukblsr
=043  \\$ae-it---
=045  \\$ax4x-
=050  00$aZ809.A1$bM33 2007
=082  00$a027.045$222
=111  2\$aGiornate di studio del CNBA$n(9th :$d2005 :$cNaples, Italy)
=245  10$aMade in Italy :$barchitettura di biblioteche, biblioteche di architettura : atti delle none Giornate di studio del CNBA, Napoli, 23-25 giugno 2005 /$ca cura di Serena Sangiorgi.
=260  \\$aFirenze :$bCoordinamento nazionale biblioteche di architettura,$cc2007.
=300  \\$a152 p. :$bill. ;$c24 cm. +$e1 CD-ROM.
=336  \\$atext$2rdacontent
=337  \\$aunmediated$2rdamedia
=338  \\$avolume$2rdacarrier
=490  1\$aI quaderni del CNBA,$x1723-140X ;$v8
=504  \\$aIncludes bibliographical references.
=650  \0$aLibraries$zItaly$vCongresses.
=650  \0$aLibrary buildings$zItaly$vCongresses.
=700  1\$aSangiorgi, Serena.
=710  2\$aCoordinamento nazionale biblioteche di architettura (Italy)
=830  \2$aI quaderni del CNBA,$x1723-140X ;$v8
=852  41$aBritish Library$bHMNTS$jEMF.2008.a.136
=856  42$uhttp://digital.casalini.it/1723140X
=CAT  \\$a11375$b40$c20070905$lBLL01$h0931
=CAT  \\$a5521$b40$c20080620$lBLL01$h1203
=CAT  \\$a12181$b40$c20080709$lBLL01$h1437
=CAT  \\$aBATCH$b00$c20091217$lBLL01$h0505
=CAT  \\$aBATCH$b00$c20100103$lBLL01$h1258
=CAT  \\$aW2308-1659$c20230923$lBLL01$h1108
=FIN  \\$aY$d20080620
=FMT  \\$a  BK
=LAS  \\$aW2308-1659$b00$c20230923$lBLL01$h1108
=SID  \\$aZ39$bOCLC
=SID  \\$aZ39$bLOC

