=LDR  03414cam a2200817 a 4500
=001  014243846
=003  Uk
=005  20230924064724.0
=008  070625s2007\\\\it\ab\\\\\\\\\101\0\fre\\
=010  \\$a  2007456432
=020  \\$a2728307717 (pbk.)
=020  \\$a9782728307715 (pbk.)
=040  \\$aDLC$cDLC$dUk
=041  0\$afre$aeng$alat
=042  \\$aukblcatcopy
=043  \\$aff-----$ae------$aaw-----
=050  00$aJC83$b.R65 2007
=245  00$aRome et l'État moderne européen /$cétudes réunies par Jean-Philippe Genet.
=260  \\$aRome :$bÉcole fran-caise de Rome,$c2007.
=300  \\$a444 p. :$bill., 1 map ;$c24 cm.
=336  \\$atext$2rdacontent
=337  \\$aunmediated$2rdamedia
=338  \\$avolume$2rdacarrier
=490  1\$aCollection de l'École française de Rome ;$v377
=500  \\$aPapers presented at a conference held in Rome, January 1-2, 2002.
=500  \\$aHalf title: ISSN 0223-5099.
=500  \\$aTexts in English or French, with some Latin.
=500  \\$aElectronic ed. avail. at the URL: http: / / digital.casalini.it/ 9782728307715.
=504  \\$aIncludes bibliographical references.
=540  \\$aCurrent Copyright Fee: GBP25.00$c0$5Uk
=650  \0$aCivilization, Modern$xRoman influences$vCongresses.
=650  \0$aState, The$vCongresses.
=651  \0$aRome$xPolitics and government$vCongresses.
=651  \0$aEurope$xPolitics and government$y476-1492$vCongresses.
=700  1\$aGenêt, Jean-Philippe.
=830  \0$aCollection de l'École française de Rome ;$v377.
=852  41$aBritish Library$bDSC$j3310.417000$ino. 377
=852  41$aBritish Library$bHMNTS$jAc.5233.a/377
=856  42$uhttp://digital.casalini.it/9782728307715
=ACF  \\$aPrevious copyright fee: GBP12.00$c0$e01-jan-2012$fGBP12.00$g0$hA$5Uk
=ACF  \\$aPrevious Copyright Fee: GBP12.30$c0$e01-jan-2014$fGBP12.30$g0$hA$5Uk
=ACF  \\$aPrevious Copyright Fee: GBP15.00$c0$e01-jan-2017$fGBP15.00$g0$hA$5Uk
=ACF  \\$aPrevious Copyright Fee: GBP20.00$c0$e01-jan-2020$fGBP20.00$g0$hA$5Uk
=CAT  \\$a10926$b40$c20071102$lBLL01$h1351
=CAT  \\$aBATCH$b00$c20091217$lBLL01$h0510
=CAT  \\$aBATCH$b00$c20100103$lBLL01$h1303
=CAT  \\$aBATCH-UPD$b00$c20101009$lBLL01$h0718
=CAT  \\$aBATCH-CLA$b00$c20130527$lBLL01$h0134
=CAT  \\$aBATCH-CLA$c20131220$lBLL01$h2052
=CAT  \\$aIPL-CLA$c20140101$lBLL01$h0038
=CAT  \\$aBATCH-UPD$b00$c20150610$lBLL01$h2040
=CAT  \\$aBATCH-CLA$b00$c20161222$lBLL01$h1819
=CAT  \\$aIPL-CLA$c20161230$lBLL01$h2246
=CAT  \\$aBATCH-CLA$b00$c20171222$lBLL01$h2144
=CAT  \\$aIPL-CLA$c20171231$lBLL01$h1723
=CAT  \\$aBATCH-CLA$b00$c20191219$lBLL01$h1743
=CAT  \\$aIPL-CLA$c20191231$lBLL01$h1956
=CAT  \\$aR2001-1524$c20200127$lBLL01$h2031
=CAT  \\$aBATCH-CLA$b00$c20200128$lBLL01$h0448
=CAT  \\$aBATCH-CLA$b00$c20201204$lBLL01$h1549
=CAT  \\$aIPL-CLA$c20201231$lBLL01$h2241
=CAT  \\$aBATCH-CLA$b00$c20221221$lBLL01$h1901
=CAT  \\$aIPL-CLA$c20221231$lBLL01$h2159
=CAT  \\$aW2308-1659$c20230923$lBLL01$h1113
=CAT  \\$aBATCH-CLA$b00$c20230924$lBLL01$h0647
=CFI  0\$aCurrent Copyright Fee: GBP25.00$c0$e01-jan-2023$fGBP25.00$g0$hA$5Uk
=FIN  \\$aY$d20071102
=FMT  \\$a  BK
=LAS  \\$aBATCH-CLA$b00$c20230924$lBLL01$h0647
=LCS  0\$aCollection de l'École française de Rome ;$v377
=SRC  \\$aBLL02

