=LDR  01847cam a22004934a 4500
=001  014465462
=003  Uk
=005  20080909150314.0
=008  071008s2007\\\\it\ab\\\\b\\\\001\0\ita\\
=010  \\$a2008351678
=020  \\$a9788884534378 (pbk.)
=035  \\$a(ItFiC)it06516319
=040  \\$aDLC$cDLC$dUk
=042  \\$aukblsr
=043  \\$ae-urk--$ae-ur---
=050  00$aDK509$b.P83 2007
=100  1\$aPubblici, Lorenzo,$d1972-
=245  10$aDal Caucaso al Mar d'Azov :$bl'impatto dell'invasione mongola in Caucasia fra nomadismo e società sedentaria, 1204-1295 /$cLorenzo Pubblici ; presentazione di Marcello Garzaniti.
=260  \\$aFirenze :$bFirenze University Press,$c2007.
=300  \\$axv, 254 p. :$bill., maps ;$c24 cm.
=336  \\$atext$2rdacontent
=337  \\$aunmediated$2rdamedia
=338  \\$avolume$2rdacarrier
=490  1\$aCollana digitale ;$v2
=500  \\$aOriginally presented as the author's thesis (doctoral--Università degli studi di Firenze, 2005)--p. [ix].
=504  \\$aIncludes bibliographical references (p. [215]-[240]) and index.
=530  \\$aAlso available via the Internet.
=650  \0$aMongols$zCaucasus$xHistory.
=650  \0$aNomads$zCaucasus$xHistory.
=650  \0$aNomads$zRussia, Southern$xHistory.
=651  \0$aCaucasus$xHistory.
=651  \0$aRussia, Southern$xHistory.
=830  \0$aCollana digitale ;$v2
=852  41$aBritish Library$bHMNTS$jYF.2008.a.29149
=856  42$uhttp://digital.casalini.it/9788884534361
=CAT  \\$a11375$b40$c20071205$lBLL01$h1222
=CAT  \\$a5521$b40$c20080909$lBLL01$h1503
=CAT  \\$aBATCH$b00$c20091217$lBLL01$h0513
=CAT  \\$aBATCH$b00$c20100103$lBLL01$h1305
=CAT  \\$aW2308-1659$c20230923$lBLL01$h1115
=FIN  \\$aY$d20080909
=FMT  \\$a  BK
=LAS  \\$aW2308-1659$b00$c20230923$lBLL01$h1115
=SID  \\$aZ39$bLOC

