=LDR  01901cam a22005534a 4500
=001  014465470
=003  Uk
=005  20080722103227.0
=008  071008s2006\\\\it\\\\\\\b\\\\000\0\ita\\
=010  \\$a2007490503
=020  \\$a9788884535382 (pbk.)
=020  \\$a8884535387 (pbk.)
=035  \\$a(ItFiC)it0654391X
=035  \\$a(OCoLC)173263616
=040  \\$aDLC$cDLC$dC3L$dUk
=042  \\$aukblsr
=043  \\$ae-it---
=045  \\$ax4x-
=050  00$aBX1545.2$b.N485 2006
=082  14$a306$221
=100  1\$aNesti, Arnaldo.
=245  10$aQual è la religione degli italiani? :$breligioni civili, mondo cattolico, ateismo devoto, fede, laicità /$cArnaldo Nesti ; introduzione di Marco Politi.
=260  \\$aFirenze :$bFirenze University Press,$c2006.
=300  \\$a183 p. ;$c21 cm.
=336  \\$atext$2rdacontent
=337  \\$aunmediated$2rdamedia
=338  \\$avolume$2rdacarrier
=490  1\$aReligion and society. Nuova serie ;$v2
=500  \\$aElectronic ed. avail. at the URL: http: / / digital.casalini. it/ 8884535395.
=504  \\$aIncludes bibliographical references.
=610  20$aCatholic Church$zItaly.
=650  \0$aReligion and sociology$xItaly.
=651  \0$aItaly$xReligion.
=690  7\$aSocial Welfare$2blcoll
=830  \0$aReligion and society.$pNuova serie ;$v2
=852  41$aBritish Library$bHMNTS$jYF.2008.a.22926
=856  42$uhttp://digital.casalini.it/8884535395
=CAT  \\$a11375$b40$c20071205$lBLL01$h1227
=CAT  \\$a6470$b40$c20080722$lBLL01$h1032
=CAT  \\$aBATCH$b00$c20091217$lBLL01$h0513
=CAT  \\$aBATCH$b00$c20100103$lBLL01$h1305
=CAT  \\$aBATCH$b00$c20110625$lBLL01$h0534
=CAT  \\$aBATCH-SWP4$c20110627$lBLL01$h1617
=CAT  \\$aW2308-1659$c20230923$lBLL01$h1115
=FIN  \\$aY$d20080722
=FMT  \\$a  BK
=LAS  \\$aW2308-1659$b00$c20230923$lBLL01$h1115
=SID  \\$aZ39$bLOC
=SID  \\$aZ39$bOCLC

