=LDR  02090cam a2200601 a 4500
=001  014489995
=003  Uk
=005  20081021122638.0
=008  071119s2007\\\\it\\\\\\\b\\\\000\0dita\d
=010  \\$a  2008372304
=020  \\$a9788878702264 (pbk.)
=020  \\$a8878702269 (pbk.)
=035  \\$a(OCoLC)ocn181090140
=040  \\$aC3L$cC3L$dUXG$dDLC$dUk
=041  1\$aita$hspa
=042  \\$aukblsr
=043  \\$ae-po---$ae-sp---
=045  \\$at0u9
=050  00$aJC381$b.F815 2007
=082  14$a321$221
=100  1\$aFurio Ceriol, Fadrique,$d1527-1592.
=240  10$aConsejo y consejeros del principe.$lItalian
=245  13$aIl Consiglio e i consiglieri del principe /$cFadrique Furió Ceriol ; a cura di Luca D'Ascia.
=260  \\$aRoma :$bBulzoni,$cc2007.
=300  \\$a153 p. ;$c24 cm.
=336  \\$atext$2rdacontent
=337  \\$aunmediated$2rdamedia
=338  \\$avolume$2rdacarrier
=490  1\$aBiblioteca del Cinquecento ;$v133
=500  \\$aTranslated from the Spanish.
=504  \\$aIncludes bibliographical references.
=600  10$aFurio Ceriol, Fadrique,$d1527-1592.$tConsejo y consejeros del principe.
=650  \0$aEducation of princes$vEarly works to 1800.
=650  \0$aGovernment consultants$vEarly works to 1800.
=650  \0$aPolitical science$vEarly works to 1800.
=700  1\$aD'Ascia, Luca.
=830  \0$aBiblioteca del Cinquecento ;$v133.
=852  41$aBritish Library$bHMNTS$jYF.2008.a.33146
=856  41$uhttp://digital.casalini.it/9788878702264
=985  \\$aRecord amended for WR# 13/070
=CAT  \\$a10775$b40$c20080110$lBLL01$h1600
=CAT  \\$a12640$b40$c20081021$lBLL01$h1226
=CAT  \\$aBATCH$b00$c20091217$lBLL01$h0515
=CAT  \\$aBATCH$b00$c20100103$lBLL01$h1307
=CAT  \\$aWR13_070$b00$c20130504$lBLL01$h0259
=CAT  \\$aBATCH-UPD$b00$c20160728$lBLL01$h2059
=CAT  \\$aBATCH-UPD$b00$c20230602$lBLL01$h2025
=CAT  \\$aW2308-1659$c20230923$lBLL01$h1116
=FIN  \\$aY$d20081021
=FMT  \\$a  BK
=LAS  \\$aW2308-1659$b00$c20230923$lBLL01$h1116
=SID  \\$aZ39$bOCLC
=SRC  \\$aBLL02

