=LDR  01836cam a2200505 a 4500
=001  014509817
=003  Uk
=005  20080326163751.0
=008  071008s2006\\\\it\\\\\\\b\\\\001\0\ita\\
=010  \\$a  2007490441
=020  \\$a8860560039 (pbk.)
=020  \\$a9788860560032 (pbk.)
=035  \\$a(ItFiC)it07586868
=040  \\$aDLC$cDLC$dUk
=042  \\$aukblsr
=050  00$aPA3421.A5$bM87 2006
=100  1\$aFlammini, G.$q(Giuseppe),$d1952-
=245  14$aGli Anecdota Graeca di Ludovico Antonio Muratori e l'indagine filologica all'alba del secolo XVIII /$cGiuseppe Flammini.
=250  \\$a1. ed.
=260  \\$aMacerata :$bEUM,$c2006.
=300  \\$a263 p. ;$c22 cm.
=336  \\$atext$2rdacontent
=337  \\$aunmediated$2rdamedia
=338  \\$avolume$2rdacarrier
=490  1\$aFilologia
=500  \\$aContains (p. 173-238) letters between L. A. Muratori (1672-1750) and Antonio Maria Salvini (1653-1729).
=504  \\$aIncludes bibliographical references and index.
=530  \\$aAlso available via the Internet.
=600  10$aMuratori, Lodovico Antonio,$d1672-1750.$tAnecdota Graeca.
=600  10$aMuratori, Lodovico Antonio,$d1672-1750$vCorrespondence.
=600  10$aSalvini, Anton Maria,$d1653-1729$vCorrespondence.
=600  00$aGregory,$cof Nazianzus, Saint.$tPoems.
=700  12$aMuratori, Lodovico Antonio,$d1672-1750.
=700  12$aSalvini, Anton Maria,$d1653-1729.
=830  \0$aFilologia (Macerata, Italy)
=852  41$aBritish Library$bHMNTS$jYF.2008.a.13077
=856  41$uhttp://digital.casalini.it/8860560039
=CAT  \\$a6191$b40$c20080131$lBLL01$h0937
=CAT  \\$a5521$b40$c20080326$lBLL01$h1637
=CAT  \\$aW2308-1659$c20230923$lBLL01$h1118
=FIN  \\$aY$d20080326
=FMT  \\$a  BK
=LAS  \\$aW2308-1659$b00$c20230923$lBLL01$h1118
=LCS  0\$aFilologia
=SRC  \\$aBLL02

