=LDR  01507cam a2200469 a 4500
=001  014521639
=003  Uk
=005  20090325125416.0
=008  080128s2005\\\\it\b\\\\\b\\\\000\0\ita\d
=020  \\$a8854801526 (pbk.)
=020  \\$a9788854801523 (pbk.)
=035  \\$a(OCoLC)191658963
=040  \\$aC3L$cC3L$dUk
=042  \\$aukblsr
=043  \\$ael-----
=045  \\$ao0s9
=082  14$a439$221
=100  1\$aVezzosi, Letizia.
=245  13$aIl medio neerlandese /$cLetizia Vezzosi.
=246  14$aMedio nederlandese
=250  \\$a1. ed.
=260  \\$aRoma :$bAracne,$c2005.
=300  \\$a187 p. :$bmaps ;$c24 cm.
=336  \\$atext$2rdacontent
=337  \\$aunmediated$2rdamedia
=338  \\$avolume$2rdacarrier
=490  0\$aScienze dell'antichità, filologiche-letterarie e storico-artistiche ;$v143
=500  \\$aElectronic ed avail. at the URL: http: / / digital.casalini.it/ 8854801526.
=504  \\$aIncludes bibliographical references.
=650  \0$aDutch language$yTo 1500.
=650  \0$aDutch literature$yTo 1500.
=852  41$aBritish Library$bHMNTS$jYF.2009.a.9925
=856  42$uhttp://digital.casalini.it/8854801526
=CAT  \\$a10775$b40$c20080214$lBLL01$h1615
=CAT  \\$a7483$b40$c20090325$lBLL01$h1251
=CAT  \\$a7483$b40$c20090325$lBLL01$h1252
=CAT  \\$a7483$b40$c20090325$lBLL01$h1254
=CAT  \\$aW2308-1659$c20230923$lBLL01$h1119
=FIN  \\$aY$d20090325
=FMT  \\$a  BK
=LAS  \\$aW2308-1659$b00$c20230923$lBLL01$h1119
=SID  \\$aZ39$bOCLC

