=LDR  01719cam a2200493 a 4500
=001  014532370
=003  Uk
=005  20081002085500.0
=008  080128s2006\\\\it\ab\\\\b\\\\000\0\ita\d
=020  \\$a8854804126 (pbk.)
=020  \\$a9788854804128 (pbk.)
=035  \\$a(OCoLC)191658968
=040  \\$aC3L$cC3L$dUk
=042  \\$aukblsr
=043  \\$ae-it---
=045  \\$ad4i-$ab0d3
=100  10$aGiontella, Claudia.
=245  12$aI luoghi dell'acqua divina :$bcomplessi santuariali e forme devozionali in Etruria e Umbria fra epoca arcaica ed età romana /$cClaudia Giontella.
=250  \\$a1. ed.
=260  \\$aRoma :$bAracne,$c2006.
=300  \\$a232 p. :$bill., maps ;$c24 cm.
=336  \\$atext$2rdacontent
=337  \\$aunmediated$2rdamedia
=338  \\$avolume$2rdacarrier
=500  \\$a"A11/130"--ser. t.p.
=504  \\$aIncludes bibliographical references.
=530  \\$aAlso available via the Internet.
=650  \0$aSacred space$zEtruria$xHistory.
=650  \0$aSacred space$zItaly$zUmbria$xHistory.
=650  \0$aSprings$zEtruria$xReligious aspects.
=650  \0$aSprings$zItaly$zUmbria$xReligious aspects.
=651  \0$aEtruria$xReligious life and customs.
=651  \0$aUmbria (Italy)$xReligious life and customs.
=852  41$aBritish Library$bHMNTS$jYF.2008.a.30820
=856  42$uhttp://digital.casalini.it/8854804126
=CAT  \\$a10926$b40$c20080227$lBLL01$h1220
=CAT  \\$a5521$b40$c20080926$lBLL01$h1545
=CAT  \\$a5521$b40$c20081002$lBLL01$h0855
=CAT  \\$aBATCH-UPD$b40$c20180521$lBLL01$h1158
=CAT  \\$aW2308-1659$c20230923$lBLL01$h1119
=FIN  \\$aY$d20080926
=FMT  \\$a  BK
=LAS  \\$aW2308-1659$b00$c20230923$lBLL01$h1119
=SID  \\$aZ39$bOCLC

