=LDR  01582cam a2200469 a 4500
=001  014532532
=003  Uk
=005  20080910151313.0
=008  080218t20072006it\a\\\\\b\\\\000\0\ita\\
=010  \\$a2008398010
=020  \\$a885480925X (pbk.)
=020  \\$a9788854809253 (pbk.)
=035  \\$a(OCoLC)191659015
=035  \\$a(ItFiC)it07615361
=040  \\$aDLC$cDLC$dUk
=042  \\$aukblsr
=043  \\$ae-it---
=045  \\$ax4x-
=050  00$aPQ4876.R377$bC67+
=082  14$a741$221
=100  1\$aGuerrera, Manfredo.
=245  10$aHugo Pratt e il romanzo disegnato :$bla ballata di Corto Maltese attraverso il fumetto, il cinema e la letteratura /$cManfredo Guerrera.
=250  \\$a1. ed.
=260  \\$aRoma :$bAracne,$c2007, c2006.
=300  \\$a104 p. :$bill. ;$c21 cm.
=336  \\$atext$2rdacontent
=337  \\$aunmediated$2rdamedia
=338  \\$avolume$2rdacarrier
=490  0\$aScienze dell'antichità, filologico-letterarie e storico-artistiche ;$v229
=500  \\$aElectronic ed. avail. at the URL: http: / / digital.casalini.it/ 9788854809253.
=504  \\$aIncludes bibliographical references (p. 101-102).
=600  10$aPratt, Hugo.$tCorto Maltese.
=852  41$aBritish Library$bHMNTS$jYF.2008.a.29331
=856  42$uhttp://digital.casalini.it/9788854809253
=CAT  \\$a10926$b40$c20080227$lBLL01$h1420
=CAT  \\$a7483$b40$c20080910$lBLL01$h1513
=CAT  \\$aW2308-1659$c20230923$lBLL01$h1119
=FIN  \\$aY$d20080910
=FMT  \\$a  BK
=LAS  \\$aW2308-1659$b00$c20230923$lBLL01$h1119
=SID  \\$aZ39$bOCLC
=SID  \\$aZ39$bLOC

