=LDR  01952cam a2200541 a 4500
=001  014532746
=003  Uk
=005  20080910092330.0
=008  080211s2005\\\\it\\\\\\\b\\\\001\0\ita\\
=010  \\$a  2008398084
=020  \\$a9788854801806 (pbk.)
=020  \\$a8854801801 (pbk.)
=035  \\$a(OCoLC)191812660
=035  \\$a(ItFiC)it07610890
=040  \\$aDLC$cDLC$dUk
=042  \\$aukblsr
=043  \\$ae-it---
=045  \\$ax4x-
=050  00$aPQ4873.A82114$bZ577 2005
=082  14$a852$221
=100  1\$aTrovato, Roberto.
=245  10$aDario G. Martini l'antiapocalisse :$bun autore teatrale italiano fra due millenni /$cRoberto Trovato.
=250  \\$a1. ed.
=260  \\$aRoma :$bAracne,$c2005.
=300  \\$a94 p. ;$c24 cm.
=336  \\$atext$2rdacontent
=337  \\$aunmediated$2rdamedia
=338  \\$avolume$2rdacarrier
=490  1\$aScienze dell'antichità filologiche-letterarie e storico-artistiche ;$v150
=500  \\$aElectronic ed. avail. at the URL: http: / / digital.casalini.it/ 8854801801.
=504  \\$aIncludes bibliographical references and index.
=600  10$aMartini, Dario G.$xCriticism and interpretation.
=650  \0$aTheater$zItaly$xHistory$y20th century.
=650  \0$aItalian drama$y20th century$xHistory and criticism.
=830  \0$aScienze dell'antichità filologiche-letterarie e storico-artistiche ;$v150
=852  41$aBritish Library$bHMNTS$jYF.2008.a.29338
=856  42$uhttp://digital.casalini.it/8854801801
=CAT  \\$a10926$b40$c20080227$lBLL01$h1652
=CAT  \\$a7483$b40$c20080910$lBLL01$h0923
=CAT  \\$aBATCH$b00$c20091217$lBLL01$h0519
=CAT  \\$aBATCH$b00$c20100103$lBLL01$h1311
=CAT  \\$aW2308-1659$c20230923$lBLL01$h1119
=FIN  \\$aY$d20080910
=FMT  \\$a  BK
=LAS  \\$aW2308-1659$b00$c20230923$lBLL01$h1119
=LCS  0\$aScienze dell'antichità, filologiche-letterarie e storico-artistiche ;$v150
=SID  \\$aZ39$bOCLC
=SRC  \\$aBLL02

