=LDR  01885cam a2200553 a 4500
=001  014532752
=003  Uk
=005  20080911091219.0
=008  080204s2007\\\\it\\\\\\\b\\\\000\0\ita\\
=010  \\$a  2008382132
=020  \\$a885480911X (pbk.)
=020  \\$a9788854809116 (pbk.)
=035  \\$a(OCoLC)191659011
=035  \\$a(ItFiC)it07615337
=040  \\$aDLC$cDLC$dUk
=041  1\$aita$aita$hlat
=042  \\$aukblsr
=043  \\$ae-it---
=045  \\$av0w1
=050  00$aPA8585.V7$bT82 2006
=082  14$a851$221
=100  1\$aAlbonico, Maria Cristina.
=245  12$aI tartufi di Giovanni Bernardo Vigo /$cMaria Cristina Albonico.
=250  \\$a1. ed.
=260  \\$aRoma :$bAracne,$c2007.
=300  \\$a94 p. ;$c24 cm.
=336  \\$atext$2rdacontent
=337  \\$aunmediated$2rdamedia
=338  \\$avolume$2rdacarrier
=490  1\$aScienze dell'antichità filologico-letterarie e storico-artistiche ;$v225
=504  \\$aIncludes bibliographical references.
=546  \\$aIncludes original text, translated from the Latin.
=600  10$aVigo, Giambernardo.$tTubera terrae.
=700  12$aVigo, Giambernardo.$tTubera terrae.$lItalian.
=830  \0$aScienze dell'antichità filologico-letterarie e storico-artistiche ;$v225
=852  41$aBritish Library$bHMNTS$jYF.2008.a.29337
=856  42$uhttp://digital.casalini.it/9788854809116
=CAT  \\$a10926$b40$c20080227$lBLL01$h1702
=CAT  \\$a7483$b40$c20080910$lBLL01$h0909
=CAT  \\$a7483$b40$c20080911$lBLL01$h0912
=CAT  \\$aBATCH$b00$c20091217$lBLL01$h0519
=CAT  \\$aBATCH$b00$c20100103$lBLL01$h1311
=CAT  \\$aW2308-1659$c20230923$lBLL01$h1119
=FIN  \\$aY$d20080910
=FMT  \\$a  BK
=LAS  \\$aW2308-1659$b00$c20230923$lBLL01$h1119
=LCS  0\$aScienze dell'antichità, filologico-letterarie e storico-artistiche ;$v225
=SID  \\$aZ39$bOCLC
=SRC  \\$aBLL02

