=LDR  01921cam a2200517 a 4500
=001  014532844
=003  Uk
=005  20081003145322.0
=008  080128s2006\\\\it\\\\\\\b\\\\000\0\ita\d
=020  \\$a8854805203 (pbk.)
=020  \\$a9788854805200 (pbk.)
=035  \\$a(OCoLC)191658247
=040  \\$aC3L$cC3L$dUk
=041  0\$aita$agem$agoh$alat
=042  \\$aukblsr
=043  \\$ae-gx---
=045  \\$aj0n9$ao0s9
=100  1\$aBulotta, Donata.
=245  13$aLa definizione del concetto di "popolo" nelle fonti tedesche antiche /$cDonata Bulotta ; con glossario a cura di Donata Bulotta, Fernanda Cirimele.
=260  \\$aRoma :$bAracne,$c2006.
=300  \\$a152 p. ;$c21 cm.
=336  \\$atext$2rdacontent
=337  \\$aunmediated$2rdamedia
=338  \\$avolume$2rdacarrier
=500  \\$a"A10/178"--ser. t.p.
=504  \\$aIncludes bibliographical references.
=530  \\$aAlso available via the Internet.
=546  \\$aIncludes text in Old Saxon, Old High German and Latin.
=600  00$aOtfrid,$cvon Weissenburg,$dactive 9th century.$tEvangeliorum liber$xCriticism, Textual.
=630  00$aHildebrandslied$xCriticism, Textual.
=650  \0$aGerman language$yOld High German, 750-1050$xSemantics.
=650  \0$aOld Saxon language$xSemantics.
=700  02$aOtfrid,$cvon Weissenburg,$dactive 9th century.$tEvangeliorum liber.$kSelections.
=730  02$aHildebrandslied.$kSelections.
=852  41$aBritish Library$bHMNTS$jYF.2008.a.31782
=856  42$uhttp://digital.casalini.it/8854805203
=985  \\$aRecord amended for WR# 13/070
=CAT  \\$a10926$b40$c20080228$lBLL01$h0854
=CAT  \\$a5521$b40$c20081002$lBLL01$h1233
=CAT  \\$a5521$b40$c20081003$lBLL01$h1453
=CAT  \\$aWR13_070$b00$c20130504$lBLL01$h0301
=CAT  \\$aW2308-1659$c20230923$lBLL01$h1119
=FIN  \\$aY$d20080926
=FMT  \\$a  BK
=LAS  \\$aW2308-1659$b00$c20230923$lBLL01$h1119
=SID  \\$aZ39$bOCLC

