=LDR  01306cam a2200433 a 4500
=001  014532856
=003  Uk
=005  20080912111039.0
=008  080204s2006\\\\it\\\\\\\b\\\\000\0\ita\\
=010  \\$a2008382172
=020  \\$a8854808873 (pbk.)
=020  \\$a9788854808874 (pbk.)
=035  \\$a(OCoLC)191659008
=035  \\$a(ItFiC)it07615302
=040  \\$aDLC$cDLC$dUk
=042  \\$aukblsr
=045  \\$ax4x-
=050  00$aPN1995.3$b.N35 2006
=100  1\$aNardin, Massimo,$d1974-
=245  13$aIl cinema e le muse :$bdalla scrittura al digitale /$cMassimo Nardin.
=250  \\$a1. ed.
=260  \\$aRoma :$bAracne,$c2006.
=300  \\$a331 p. ;$c24 cm.
=336  \\$atext$2rdacontent
=337  \\$aunmediated$2rdamedia
=338  \\$avolume$2rdacarrier
=500  \\$a"A10/220"--ser. t.p.
=504  \\$aIncludes bibliographical references (p. 315-331).
=650  \0$aMotion pictures and literature.
=852  41$aBritish Library$bHMNTS$jYF.2008.a.30132
=856  42$uhttp://digital.casalini.it/8854808873
=CAT  \\$a8197$b40$c20080228$lBLL01$h0908
=CAT  \\$a5521$b40$c20080912$lBLL01$h1110
=CAT  \\$aW2308-1659$c20230923$lBLL01$h1119
=FIN  \\$aY$d20080912
=FMT  \\$a  BK
=LAS  \\$aW2308-1659$b00$c20230923$lBLL01$h1119
=SID  \\$aZ39$bOCLC
=SID  \\$aZ39$bLOC

