=LDR  01508cam a2200481 a 4500
=001  014532941
=003  Uk
=005  20080905155126.0
=008  080211s2007\\\\it\\\\\\\b\\\\000\0\ita\\
=010  \\$a2008398088
=020  \\$a9788854809291 (pbk.)
=020  \\$a8854809292 (pbk.)
=035  \\$a(OCoLC)191659017
=035  \\$a(ItFiC)it0761537X
=040  \\$aDLC$cDLC$dUk
=042  \\$aukblsr
=043  \\$ae-ur---
=050  00$aPG2074.73$b.B46 2007
=100  1\$aBenigni, Valentina.
=245  13$aIl mutamento linguistico nel russo contemporaneo /$cValentina Benigni.
=250  \\$a1. ed.
=260  \\$aRoma :$bAracne,$c2007.
=300  \\$a148 p. ;$c24 cm.
=336  \\$atext$2rdacontent
=337  \\$aunmediated$2rdamedia
=338  \\$avolume$2rdacarrier
=500  \\$a"A10/231"--ser. t.p.
=504  \\$aIncludes bibliographical references (p. [137]-148).
=650  \0$aRussian language$xVariation.
=650  \0$aRussian language$xCase.
=650  \0$aRussian language$xWord formation.
=650  \0$aRussian language$xForeign elements$xEnglish.
=852  41$aBritish Library$bHMNTS$jYF.2008.a.29125
=856  42$uhttp://digital.casalini.it/9788854809291
=CAT  \\$a8197$b40$c20080228$lBLL01$h1041
=CAT  \\$a5521$b40$c20080905$lBLL01$h1550
=CAT  \\$a5521$b40$c20080905$lBLL01$h1551
=CAT  \\$aW2308-1659$c20230923$lBLL01$h1119
=FIN  \\$aY$d20080905
=FMT  \\$a  BK
=LAS  \\$aW2308-1659$b00$c20230923$lBLL01$h1119
=SID  \\$aZ39$bOCLC
=SID  \\$aZ39$bLOC

