=LDR  01711cam a2200469 a 4500
=001  014533193
=003  Uk
=005  20080917100811.0
=008  080128s2006\\\\it\\\\\\\b\\\\000\0dita\d
=020  \\$a8854807419 (pbk.)
=020  \\$a9788854807419 (pbk.)
=035  \\$a(OCoLC)191658973
=040  \\$aC3L$cC3L$dUk
=041  0\$aita$ager$hger
=042  \\$aukblsr
=043  \\$ae-au---
=045  \\$aw1w9
=100  1\$aTuveri, Matteo.
=245  10$aSpecchi ad angoli obliqui :$bdiario poetico di Elisabetta d'Austria /$cMatteo Tuveri.
=250  \\$a1. ed.
=260  \\$aRoma :$bAracne,$c2006.
=300  \\$a158 p. ;$c24 cm.
=336  \\$atext$2rdacontent
=337  \\$aunmediated$2rdamedia
=338  \\$avolume$2rdacarrier
=500  \\$a"A10/198"--ser. t.p.
=504  \\$aIncludes bibliographical references.
=530  \\$aAlso available via the Internet.
=546  \\$aIncludes the text of some of the diary in German with parallel Italian translations.
=600  00$aElisabeth,$cEmpress, consort of Franz Joseph I, Emperor of Austria,$d1837-1898$xDiaries.
=600  00$aElisabeth,$cEmpress, consort of Franz Joseph I, Emperor of Austria,$d1837-1898$xCriticism and interpretation.
=700  0\$aElisabeth,$cEmpress, consort of Franz Joseph I, Emperor of Austria,$d1837-1898.
=852  41$aBritish Library$bHMNTS$jYF.2008.a.29920
=856  42$uhttp://digital.casalini.it/8854807419
=CAT  \\$a8197$b40$c20080228$lBLL01$h1413
=CAT  \\$a5521$b40$c20080905$lBLL01$h1623
=CAT  \\$a12181$b40$c20080917$lBLL01$h1008
=CAT  \\$aW2308-1659$c20230923$lBLL01$h1119
=FIN  \\$aY$d20080905
=FMT  \\$a  BK
=LAS  \\$aW2308-1659$b00$c20230923$lBLL01$h1119
=SID  \\$aZ39$bOCLC

