=LDR  01635cam a2200469 a 4500
=001  014534375
=003  Uk
=005  20081202120525.0
=008  080204s2006\\\\it\\\\\\\b\\\\000\0\ita\d
=020  \\$a8854809012 (pbk.)
=020  \\$a9788854809017 (pbk.0
=035  \\$a(OCoLC)191812768
=040  \\$aC3L$cC3L$dUk
=042  \\$aukblsr
=043  \\$aaw-----
=045  \\$ao0s9$at0u9$av0w1$aw1w9$ax0x4
=082  14$a956$221
=100  1\$aPedani Fabris, Maria Pia.
=245  10$aBreve storia dell'impero ottomano /$cMaria Pia Pedani.
=250  \\$a1. ed.
=260  \\$aRoma :$bAracne,$c2006.
=300  \\$a126 p. ;$c24 cm.
=336  \\$atext$2rdacontent
=337  \\$aunmediated$2rdamedia
=338  \\$avolume$2rdacarrier
=490  1\$aScienze dell'antichità, filologico-letterarie e storico-artistiche ;$v223
=500  \\$aElectronic ed. avail. at the URL: http: / / digital.casalini. it/ 8854809012.
=504  \\$aIncludes bibliographical references.
=651  \0$aTurkey$xHistory$yOttoman Empire, 1288-1918.
=830  \0$aScienze dell'antichità, filologico-letterarie e storico-artistiche ;$v223.
=852  41$aBritish Library$bHMNTS$jYF.2008.a.39675
=856  42$uhttp://digital.casalini.it/8854809012
=CAT  \\$a8197$b40$c20080229$lBLL01$h1552
=CAT  \\$a7483$b40$c20081202$lBLL01$h1205
=CAT  \\$aBATCH$b00$c20091217$lBLL01$h0519
=CAT  \\$aBATCH$b00$c20100103$lBLL01$h1311
=CAT  \\$aBATCH-UPD$b00$c20100620$lBLL01$h2117
=CAT  \\$aW2308-1659$c20230923$lBLL01$h1119
=FIN  \\$aY$d20081202
=FMT  \\$a  BK
=LAS  \\$aW2308-1659$b00$c20230923$lBLL01$h1119
=SID  \\$aZ39$bOCLC

