=LDR  01991cam a2200529 a 4500
=001  014534383
=003  Uk
=005  20081202115626.0
=008  080204s2006\\\\it\\\\\\\b\\\\001\0\ita\d
=020  \\$a9788854807525 (pbk.)
=020  \\$a8854807524 (pbk.)
=035  \\$a(OCoLC)191812686
=040  \\$aC3L$cC3L$dPAU$dUk
=041  0\$aita$agrc
=042  \\$aukblsr
=043  \\$ae-it---
=045  \\$ad4i-
=050  00$aPA3944.C5$bA55 2006
=082  14$a885$221
=100  0\$aCaecilius,$cCalactinus.
=245  10$aFrammenti di critica letteraria, retorica e storiografia /$cCecilio di Calatte ; introduzione, traduzione e note a cura di Irene Augello ; prefazione di Elisabetta Matelli.
=260  \\$aRoma :$bAracne,$cc2006.
=300  \\$axxiii, 216 p. ;$c24 cm.
=336  \\$atext$2rdacontent
=337  \\$aunmediated$2rdamedia
=338  \\$avolume$2rdacarrier
=490  1\$aScienze dell'antichità, filologico-letterarie e storico-artistiche ;$v202
=500  \\$aAuthor's name on t.p.: Cecilio di Calatte.
=500  \\$aIncl. orig. Greek texts with Italian transl.
=500  \\$aElectronic ed. at the URL: http: / / digital.casalini.it/ 8854807524.
=504  \\$aIncludes bibliographical references and index.
=546  \\$aText in Italian and Ancient Greek.
=600  00$aCaecilius,$cCalactinus.$tFragments.
=830  \0$aScienze dell'antichità, filologico-letterarie e storico-artistiche ;$v202.
=852  41$aBritish Library$bHMNTS$jYF.2008.a.39642
=856  42$uhttp://digital.casalini.it/8854807524
=CAT  \\$a8197$b40$c20080229$lBLL01$h1558
=CAT  \\$a8197$b40$c20080229$lBLL01$h1609
=CAT  \\$a7483$b40$c20081202$lBLL01$h1156
=CAT  \\$aBATCH$b00$c20091217$lBLL01$h0519
=CAT  \\$aBATCH$b00$c20100103$lBLL01$h1311
=CAT  \\$aBATCH-UPD$b00$c20100620$lBLL01$h2117
=CAT  \\$aW2308-1659$c20230923$lBLL01$h1119
=FIN  \\$aY$d20081202
=FMT  \\$a  BK
=LAS  \\$aW2308-1659$b00$c20230923$lBLL01$h1119
=SID  \\$aZ39$bOCLC

