=LDR  02121cam a2200565 a 4500
=001  014534394
=003  Uk
=005  20100902125551.0
=008  080204s2006\\\\it\a\\\\\b\\\\000\0\spa\d
=020  \\$a9788854808775 (pbk.)
=020  \\$a8854808776 (pbk.)
=035  \\$a(OCoLC)191812759
=040  \\$aC3L$beng$cC3L$dUk
=042  \\$aukblsr
=043  \\$acl-----
=045  \\$ax4x-
=082  14$a465$222
=100  1\$aSciutto, Virginia.
=245  10$aElementos somáticos en la fraseología del español de Argentina /$cVirginia Sciutto.
=250  \\$a1. ed.
=260  \\$aRoma :$bAracne,$c2006.
=300  \\$a160 p. :$bill. ;$c24 cm.
=336  \\$atext$2rdacontent
=337  \\$aunmediated$2rdamedia
=338  \\$avolume$2rdacarrier
=490  1\$aScienze dell'antichità, filologico-letterarie e storico-artistiche ;$v113
=490  1\$aStudi americani, culturali e linguistici ;$v6
=500  \\$aOriginally a Ph.D. thesis--University of Naples, 2005.
=500  \\$aV. Sciutto teaches at the University of Naples.
=500  \\$aElectronic ed. avail. at the URL: http: / / digital.casalini.it/ 8854808776.
=504  \\$aIncludes bibliographical references.
=650  \0$aHuman body and language$zArgentina.
=650  \0$aSpanish language$zArgentina$xMorphosyntax.
=650  \0$aSpanish language$zArgentina$xIdioms.
=650  \0$aSpanish language$zArgentina$xPhraseology.
=830  \0$aScienze dell'antichità, filologico-letterarie e storico-artistiche ;$v113.
=830  \0$aStudi americani, culturali e linguistici ;$v6.
=852  41$aBritish Library$bHMNTS$jYF.2010.a.22847
=856  42$uhttp://digital.casalini.it/8854808776
=CAT  \\$a8197$b40$c20080229$lBLL01$h1612
=CAT  \\$aBATCH$b00$c20091217$lBLL01$h0519
=CAT  \\$aBATCH$b00$c20100103$lBLL01$h1311
=CAT  \\$aBATCH-UPD$b00$c20100620$lBLL01$h2117
=CAT  \\$a6066$b40$c20100728$lBLL01$h1432
=CAT  \\$a6066$b40$c20100902$lBLL01$h1255
=CAT  \\$aW2308-1659$c20230923$lBLL01$h1119
=FIN  \\$aY$d20100728
=FMT  \\$a  BK
=LAS  \\$aW2308-1659$b00$c20230923$lBLL01$h1119
=SID  \\$aZ39$bOCLC

