=LDR  01520cam a2200469 a 4500
=001  014534918
=003  Uk
=005  20081210104928.0
=008  080225s2007\\\\it\a\\\\\b\\\\000\0\ita\\
=010  \\$a2008382871
=020  \\$a9788859602453 (pbk.)
=020  \\$a8859602459 (pbk.)
=035  \\$a(OCoLC)191658985
=035  \\$a(ItFiC)it0761344X
=040  \\$aDLC$cDLC$dUk
=042  \\$aukblsr
=043  \\$ae-it---
=050  00$aCC250.I8$bB38 2007
=100  1\$aBatini, Giorgio.
=245  10$aPer chi suona la Toscana :$bstorie curiose di campane e campanili /$cGiorgio Batini.
=260  \\$aFirenze :$bPolistampa,$cc2007.
=300  \\$a266 p. :$bill. ;$c21 cm.
=336  \\$atext$2rdacontent
=337  \\$aunmediated$2rdamedia
=338  \\$avolume$2rdacarrier
=490  0\$aLa storia raccontata ;$v19
=504  \\$aIncludes bibliographical references (p. 263-264).
=530  \\$aAlso available via the Internet.
=650  \0$aBells$zItaly$zTuscany$xHistory.
=650  \0$aBell towers$zItaly$zTuscany$xHistory.
=650  \0$aCuriosities and wonders$zItaly$zTuscany.
=650  \0$aTuscany (Italy)$xHistory.
=852  41$aBritish Library$bHMNTS$jYF.2008.a.40637
=856  42$uhttp://digital.casalini.it/9788859602453
=CAT  \\$a8197$b40$c20080303$lBLL01$h1213
=CAT  \\$a5521$b40$c20081210$lBLL01$h1049
=CAT  \\$aW2308-1659$c20230923$lBLL01$h1119
=FIN  \\$aY$d20081210
=FMT  \\$a  BK
=LAS  \\$aW2308-1659$b00$c20230923$lBLL01$h1119
=SID  \\$aZ39$bOCLC
=SID  \\$aZ39$bLOC

