=LDR  01679cam a2200481 a 4500
=001  014535185
=003  Uk
=005  20081127155619.0
=008  080204s2006\\\\it\ab\\\\b\\\\000\0\ita\d
=020  \\$a8854803537 (pbk.)
=020  \\$a9788854803534 (pbk.)
=035  \\$a(OCoLC)191812679
=040  \\$aC3L$cC3L$dUk
=042  \\$aukblsr
=045  \\$ad4i-
=082  14$a930$221
=100  1\$aMazzoleni, Danilo.
=245  10$aDocumenti letterari e testimonianze archeologiche /$cDanilo Mazzoleni, Myla Perraymond.
=250  \\$a1. ed.
=260  \\$aRoma :$bAracne,$c2006.
=300  \\$a57 p. :$bill., maps ;$c24 cm.
=336  \\$atext$2rdacontent
=337  \\$aunmediated$2rdamedia
=338  \\$avolume$2rdacarrier
=490  1\$aScienze dell'antichità, filologico-letterarie e storico-artistiche ;$v166
=500  \\$aElectronic ed. avail. at the URL: http: / / digital.casalini.it/ 8854803537.
=504  \\$aIncludes bibliographical references.
=650  \0$aChristian antiquities.
=650  \0$aChurch history$vSources.
=700  1\$aPerraymond, Myla.
=830  \0$aScienze dell'antichità, filologico-letterarie e storico-artistiche ;$v166.
=852  41$aBritish Library$bHMNTS$jYF.2008.a.39238
=856  42$uhttp://digital.casalini.it/8854803537
=CAT  \\$a8197$b40$c20080303$lBLL01$h1429
=CAT  \\$a7483$b40$c20081127$lBLL01$h1556
=CAT  \\$aBATCH$b00$c20091217$lBLL01$h0519
=CAT  \\$aBATCH$b00$c20100103$lBLL01$h1311
=CAT  \\$aBATCH-UPD$b00$c20100620$lBLL01$h2117
=CAT  \\$aW2308-1659$c20230923$lBLL01$h1119
=FIN  \\$aY$d20081127
=FMT  \\$a  BK
=LAS  \\$aW2308-1659$b00$c20230923$lBLL01$h1119
=SID  \\$aZ39$bOCLC

