=LDR  01568cam a2200493 a 4500
=001  014535218
=003  Uk
=005  20201124190220.0
=008  080211s2007\\\\it\\\\\\\bf\\\001\0\ita\d
=020  \\$a9788854810365 (pbk.)
=020  \\$a8854810363 (pbk.)
=035  \\$a(OCoLC)191923219
=040  \\$aC3L$cC3L$dUk
=041  1\$aita$asrp
=042  \\$aukblsr
=043  \\$aed-----
=045  \\$ax4x-
=082  14$a491$221
=100  1\$aKrpina, Zdravka.
=245  10$aCompendio di lingua croata /$cZdravka Krpina.
=250  \\$a1. ed.
=260  \\$aRoma :$bAracne,$c2007.
=300  \\$a171 p. ;$c24 cm. +$e1 CD-ROM.
=336  \\$atext$2rdacontent
=337  \\$aunmediated$2rdamedia
=338  \\$avolume$2rdacarrier
=500  \\$aUniversity textbook.
=500  \\$a"A10/250"--Ser. t.p.
=504  \\$aIncludes bibliographical references and index.
=546  \\$aParallel text in Italian and Croatian.
=650  \0$aCroatian language$xTextbooks for foreign speakers$xItalian.
=650  \0$aCroatian language$xGrammar.
=852  41$aBritish Library$bHMNTS$jEMF.2009.a.139
=856  42$uhttp://digital.casalini.it/9788854810365
=985  \\$aUpgraded by BSS-generated file for WR2011-1473
=CAT  \\$a8197$b40$c20080303$lBLL01$h1442
=CAT  \\$a12640$b40$c20090408$lBLL01$h1240
=CAT  \\$a6470$b40$c20090521$lBLL01$h1548
=CAT  \\$aW2011-1473$b00$c20201124$lBLL01$h1902
=CAT  \\$aW2308-1659$c20230923$lBLL01$h1119
=FIN  \\$aY$d20090408
=FMT  \\$a  BK
=LAS  \\$aW2308-1659$b00$c20230923$lBLL01$h1119
=SID  \\$aZ39$bOCLC

