=LDR  01447cam a2200469 a 4500
=001  014535224
=003  Uk
=005  20081020131011.0
=008  080204s2006\\\\it\\\\\\\b\\\\001\0\ita\d
=020  \\$a8854807486 (pbk.)
=020  \\$a9788854807488 (pbk.)
=035  \\$a(OCoLC)191812682
=040  \\$aC3L$cC3L$dUk
=041  0\$aita$alat
=042  \\$aukblsr
=043  \\$ae-it---
=045  \\$ax4x-
=100  1\$aManca, Dino.
=245  13$aIl tempo e la memoria :$bletture critiche /$cDino Manca.
=250  \\$a1. ed.
=260  \\$aRoma :$bAracne,$c2006.
=300  \\$a396 p. ;$c24 cm.
=336  \\$atext$2rdacontent
=337  \\$aunmediated$2rdamedia
=338  \\$avolume$2rdacarrier
=500  \\$a"A10/201"--ser. t.p.
=504  \\$aIncludes bibliographical references and index.
=530  \\$aAlso available via the Internet.
=546  \\$aIncludes some text in Latin.
=650  \0$aSardinian philology.
=650  \0$aSardinian literature$xHistory and criticism.
=852  41$aBritish Library$bHMNTS$jYF.2008.a.32971
=856  42$uhttp://digital.casalini.it/8854807486
=CAT  \\$a8197$b40$c20080303$lBLL01$h1447
=CAT  \\$a5521$b40$c20080930$lBLL01$h1144
=CAT  \\$a5521$b40$c20081002$lBLL01$h0842
=CAT  \\$a11342$b40$c20081020$lBLL01$h1310
=CAT  \\$aW2308-1659$c20230923$lBLL01$h1119
=FIN  \\$aY$d20080930
=FMT  \\$a  BK
=LAS  \\$aW2308-1659$b00$c20230923$lBLL01$h1119
=SID  \\$aZ39$bOCLC

