=LDR  01779cam a2200493 a 4500
=001  014539076
=003  Uk
=005  20081013081743.0
=008  080204s2007\\\\it\\\\\\\b\\\\000\0\ita\d
=020  \\$a8854809454 (pbk.)
=020  \\$a9788854809451 (pbk.)
=035  \\$a(OCoLC)191812782
=040  \\$aC3L$cC3L$dUk
=042  \\$aukblsr
=043  \\$ae-it---$ae-po---$ae-sp---
=082  14$a410$221
=100  1\$aMariottini, Laura.
=245  13$aLa cortesia :$banalisi contrastiva spagnolo-italiano : tra teoria e prassi linguistica /$cLaura Mariottini.
=250  \\$a1. ed.
=260  \\$aRoma :$bAracne,$c2007.
=300  \\$a156 p. ;$c24 cm.
=336  \\$atext$2rdacontent
=337  \\$aunmediated$2rdamedia
=338  \\$avolume$2rdacarrier
=490  1\$aScienze dell'antichità, filologico-letterarie e storico artistiche ;$v234
=500  \\$aElectronic ed. avail. at the URL: http: / / digital.casalini.it/ 9788854809451.
=504  \\$aIncludes bibliographical references.
=650  \0$aPoliteness (Linguistics)
=650  \0$aConversation analysis.
=650  \0$aItalian language$xSocial aspects.
=650  \0$aSpanish language$xSocial aspects.
=830  \0$aScienze dell'antichità, filologico-letterarie e storico-artistiche ;$v234.
=852  41$aBritish Library$bHMNTS$jYF.2008.a.32407
=856  42$uhttp://digital.casalini.it/9788854809451
=CAT  \\$a8197$b40$c20080306$lBLL01$h1328
=CAT  \\$a7483$b40$c20081013$lBLL01$h0817
=CAT  \\$aBATCH$b00$c20091217$lBLL01$h0520
=CAT  \\$aBATCH$b00$c20100103$lBLL01$h1312
=CAT  \\$aBATCH-UPD$b00$c20100620$lBLL01$h2117
=CAT  \\$aW2308-1659$c20230923$lBLL01$h1119
=FIN  \\$aY$d20081013
=FMT  \\$a  BK
=LAS  \\$aW2308-1659$b00$c20230923$lBLL01$h1119
=SID  \\$aZ39$bOCLC

