=LDR  01501cam a2200445 a 4500
=001  014539097
=003  Uk
=005  20081013080201.0
=008  080211s2007\\\\it\\\\\\\\\\\\000\d\ita\d
=020  \\$a885481038X (pbk.)
=020  \\$a9788854810389 (pbk.)
=035  \\$a(OCoLC)191923222
=040  \\$aC3L$cC3L$dUk
=042  \\$aukblsr
=043  \\$ae-it---
=045  \\$ax4x-
=082  14$a852$221
=100  1\$aPedani Fabris, Maria Pia.
=245  13$aLa sultana veneziana :$bcommedia /$cMaria Pia Pedani.
=250  \\$a1. ed.
=260  \\$aRoma :$bAracne,$c2007.
=300  \\$a47 p. ;$c24 cm.
=336  \\$atext$2rdacontent
=337  \\$aunmediated$2rdamedia
=338  \\$avolume$2rdacarrier
=490  1\$aScienze dell'antichità, filologico-letterarie e storico-artistiche ;$v251
=500  \\$aElectronic ed. avail. at the URL: http: / / digital.casalini.it/ 9788854810389.
=830  \0$aScienze dell'antichità, filologico-letterarie e storico-artistiche ;$v251.
=852  41$aBritish Library$bHMNTS$jYF.2008.a.32408
=856  42$uhttp://digital.casalini.it/9788854810389
=CAT  \\$a8197$b40$c20080306$lBLL01$h1344
=CAT  \\$a7483$b40$c20081013$lBLL01$h0802
=CAT  \\$aBATCH$b00$c20091217$lBLL01$h0520
=CAT  \\$aBATCH$b00$c20100103$lBLL01$h1312
=CAT  \\$aBATCH-UPD$b00$c20100620$lBLL01$h2117
=CAT  \\$aW2308-1659$c20230923$lBLL01$h1119
=FIN  \\$aY$d20081013
=FMT  \\$a  BK
=LAS  \\$aW2308-1659$b00$c20230923$lBLL01$h1119
=SID  \\$aZ39$bOCLC

