=LDR  01893cam a2200541 a 4500
=001  014539112
=003  Uk
=005  20081013090304.0
=008  080211s2006\\\\it\\\\\\\b\\\\001\0\ita\\
=010  \\$a  2008398087
=020  \\$a8854809144 (pbk.)
=020  \\$a9788854809147 (pbk.)
=020  \\$z9708854809145
=035  \\$a(OCoLC)191812776
=035  \\$a(ItFiC)it07615345
=040  \\$aDLC$cDLC$dUk
=042  \\$aukblsr
=043  \\$aa-cy---
=045  \\$ao0s9
=050  00$aZ114$b.B25 2006
=082  14$a480$221
=100  1\$aBaglioni, Daniele,$d1977-
=245  13$aLa scripta italoromanza del regno di Cipro :$bedizione e commento di testi di scriventi ciprioti del Quattrocento /$cDaniele Baglioni.
=250  \\$a1. ed.
=260  \\$aRoma :$bAracne,$c2006.
=300  \\$a302 p. ;$c25 cm.
=336  \\$atext$2rdacontent
=337  \\$aunmediated$2rdamedia
=338  \\$avolume$2rdacarrier
=490  1\$aScienze dell'antichità filologico-letterarie e storico-artistiche ;$v226
=504  \\$aIncludes bibliographical references (p. 279-302) and indexes.
=650  \0$aLatin language$xWritten Latin$zCyprus.
=650  \0$aInscriptions, Latin$zCyprus.
=830  \0$aScienze dell'antichità filologico-letterarie e storico-artistiche ;$v226
=852  41$aBritish Library$bHMNTS$jYF.2008.a.32673
=856  42$uhttp://digital.casalini.it/8854809144
=CAT  \\$a8197$b40$c20080306$lBLL01$h1354
=CAT  \\$a7483$b40$c20081013$lBLL01$h0901
=CAT  \\$a7483$b40$c20081013$lBLL01$h0903
=CAT  \\$aBATCH$b00$c20091217$lBLL01$h0520
=CAT  \\$aBATCH$b00$c20100103$lBLL01$h1312
=CAT  \\$aW2308-1659$c20230923$lBLL01$h1119
=FIN  \\$aY$d20081013
=FMT  \\$a  BK
=LAS  \\$aW2308-1659$b00$c20230923$lBLL01$h1119
=LCS  0\$aScienze dell'antichità, filologico-letterarie e storico-artistiche ;$v226
=SID  \\$aZ39$bOCLC
=SRC  \\$aBLL02

