=LDR  01651cam a2200481 a 4500
=001  014577822
=003  Uk
=005  20090122163031.0
=008  080317s2006\\\\it\a\\\\\bk\\\001\0dita\d
=020  \\$a885480875X (pbk.)
=020  \\$a9788854808751 (pbk.)
=035  \\$a(OCoLC)213458026
=040  \\$aC3L$cC3L$dUk
=042  \\$aukblsr
=043  \\$ae-it---
=045  \\$ax4x-
=245  00$aMauro Bortolotti :$bla creazione musicale nei territori di confine fra le arti /$c[a cura di] Daniela Tortora.
=250  \\$a1. ed.
=260  \\$aRoma :$bAracne,$c2006.
=300  \\$a288 p. :$bill. ;$c21 cm.
=336  \\$atext$2rdacontent
=337  \\$aunmediated$2rdamedia
=338  \\$avolume$2rdacarrier
=490  0\$aArte e formazione
=490  0\$aInstant book
=500  \\$aSupplement to Luxflux proto-type arte contemporanea, n. 16-17-18.
=500  \\$a"Partiture. A10/218"--ser. t.p.
=504  \\$aIncludes bibliographical references, discography and index.
=530  \\$aAlso available via the Internet.
=600  10$aBortolotti, Mauro,$d1926-2007$xCriticisim and interpretation.
=700  1\$aTortora, Daniela.
=730  0\$aLuxflux proto-type arte contemporanea.
=852  41$aBritish Library$bHMNTS$jYF.2009.a.2245
=856  42$uhttp://digital.casalini.it/885480875X
=CAT  \\$a8197$b40$c20080403$lBLL01$h1432
=CAT  \\$a5521$b40$c20090122$lBLL01$h1147
=CAT  \\$a5521$b40$c20090122$lBLL01$h1630
=CAT  \\$aBATCH-UPD$b40$c20090615$lBLL01$h2035
=CAT  \\$aW2308-1659$c20230923$lBLL01$h1121
=FIN  \\$aY$d20090122
=FMT  \\$a  BK
=LAS  \\$aW2308-1659$b00$c20230923$lBLL01$h1121
=SID  \\$aZ39$bOCLC

