=LDR  01579cam a2200481 a 4500
=001  014577855
=003  Uk
=005  20090619120904.0
=008  080204s2005\\\\it\a\\\\\b\\\\000\0\ita\d
=020  \\$a9788854803107 (pbk.)
=020  \\$a8854803103 (pbk.)
=035  \\$a(OCoLC)191812672
=040  \\$aC3L$cC3L$dUk
=042  \\$aukblsr
=043  \\$ae-it---
=045  \\$ax4x-
=082  14$a709$221
=100  1\$aDante, Emiliano,$d1974-
=245  10$aMerda d'artista /$cEmiliano Dante.
=250  \\$a1. ed.
=260  \\$aRoma :$bAracne,$c2005.
=300  \\$a101 p. :$bill. ;$c24 cm.
=336  \\$atext$2rdacontent
=337  \\$aunmediated$2rdamedia
=338  \\$avolume$2rdacarrier
=500  \\$aMerda d'artista, art work by Piero Manzoni (1933-1963), leading protagonist of contemporary art.
=500  \\$a"A10/162"--Ser. t.p.
=504  \\$aIncludes bibliographical references.
=600  10$aManzoni, Piero,$d1933-1963.$tArtist's shit.
=600  10$aManzoni, Piero,$d1933-1963$xCriticism and interpretation.
=600  10$aDuchamp, Marcel,$d1887-1968$xInfluence.
=650  \0$aFeces in art.
=852  41$aBritish Library$bHMNTS$jYF.2009.a.19095
=856  42$uhttp://digital.casalini.it/8854803103
=CAT  \\$a8197$b40$c20080403$lBLL01$h1451
=CAT  \\$a12640$b40$c20090619$lBLL01$h1209
=CAT  \\$a5100$b40$c20110203$lBLL01$h0902
=CAT  \\$aBATCH-UPD$b40$c20110203$lBLL01$h0902
=CAT  \\$aW2308-1659$c20230923$lBLL01$h1121
=FIN  \\$aY$d20090619
=FMT  \\$a  BK
=LAS  \\$aW2308-1659$b00$c20230923$lBLL01$h1121
=SID  \\$aZ39$bOCLC

