=LDR  01340cam a2200409 a 4500
=001  014577906
=003  Uk
=005  20080512114449.0
=008  080310s2007\\\\it\a\\\\\b\\\\000\0\eng\d
=020  \\$a9788854811225 (pbk.)
=035  \\$a(OCoLC)213303575
=040  \\$aC3L$cC3L$dUk
=042  \\$aukblsr
=082  14$a370$221
=100  1\$aBerardo, Sacha Anthony.
=245  10$aMotivation & study /$cSacha Anthony Berardo.
=250  \\$a1. ed.
=260  \\$aRoma :$bAracne,$c2007.
=300  \\$a99 p. :$bcol. ill.$c24 cm.
=336  \\$atext$2rdacontent
=337  \\$aunmediated$2rdamedia
=338  \\$avolume$2rdacarrier
=500  \\$a"A10 ; 263".
=500  \\$aElectronic ed. avail. at the URL: http: / / digital.casalini.it/ 9788854811225.
=504  \\$aIncludes bibliographical references.
=650  \0$aMotivation in education$zItaly.
=650  \0$aLanguage and languages$xStudy and teaching (Higher)$zItaly.
=852  41$aBritish Library$bHMNTS$jYD.2008.a.4625
=856  42$uhttp://digital.casalini.it/9788854811225
=CAT  \\$a8197$b40$c20080403$lBLL01$h1539
=CAT  \\$a8980$b40$c20080507$lBLL01$h1004
=CAT  \\$a12179$b40$c20080512$lBLL01$h1144
=CAT  \\$aW2308-1659$c20230923$lBLL01$h1121
=FIN  \\$aY$d20080507
=FMT  \\$a  BK
=LAS  \\$aW2308-1659$b00$c20230923$lBLL01$h1121
=SID  \\$aZ39$bOCLC

