=LDR  01661cam a2200481 a 4500
=001  014577910
=003  Uk
=005  20080509073334.0
=008  080317m20079999it\\\\\\\b\\\\000\0\eng\d
=020  \\$a9788854812604 (v. 1)
=020  \\$a8854812609 (v. 1)
=035  \\$a(OCoLC)213458054
=040  \\$aC3L$cC3L$dUk
=042  \\$aukblsr
=043  \\$ae-uk---
=045  \\$ax4x-
=100  1\$aRizzo, Alessandra.
=245  10$aEnglish across disciplines :$bfrom theory to practice : a focus on intercultural communication studies, ICS, and translation studies, TS /$cAlessandra Rizzo.
=260  \\$aRoma :$bAracne,$c2007-
=300  \\$av. ;$c24 cm.
=336  \\$atext$2rdacontent
=337  \\$aunmediated$2rdamedia
=338  \\$avolume$2rdacarrier
=500  \\$a"A10 283"--Prelim.
=500  \\$aElectronic ed. avail. at the URL: http: / / digital.casalini.it/ 9788854812604.
=504  \\$aIncludes bibliographical references.
=505  1\$av. 1. Theory.
=650  \0$aEnglish language$xTranslating.
=650  \0$aTranslating and interpreting.
=650  \0$aIntercultural communication.
=650  \0$aLanguage and culture.
=852  41$aBritish Library$bHMNTS$jYD.2008.a.4635$ivol. 1
=856  42$uhttp://digital.casalini.it/9788854812604
=CAT  \\$a8197$b40$c20080403$lBLL01$h1541
=CAT  \\$a11250$b40$c20080501$lBLL01$h1420
=CAT  \\$a11250$b40$c20080501$lBLL01$h1423
=CAT  \\$a11250$b40$c20080501$lBLL01$h1424
=CAT  \\$a11244$b40$c20080509$lBLL01$h0733
=CAT  \\$aW2308-1659$c20230923$lBLL01$h1121
=FIN  \\$aY$d20080501
=FMT  \\$a  BK
=LAS  \\$aW2308-1659$b00$c20230923$lBLL01$h1121
=SID  \\$aZ39$bOCLC

