=LDR  01476cam a2200445 a 4500
=001  014582416
=003  Uk
=005  20090122120458.0
=008  080218s2007\\\\it\\\\\\\b\\\\001\0dita\d
=020  \\$a9788854810495 (pbk.)
=020  \\$a8854810495 (pbk.)
=035  \\$a(OCoLC)192080716
=040  \\$aC3L$cC3L$dUk
=042  \\$aukblsr
=043  \\$ae-uk---$ae-it---
=045  \\$av0w1$aw1w9
=100  1\$aMarroni, Michela.
=245  10$aJohn Ruskin :$bricerca estetica e mito di Venezia /$cMichela Marroni.
=260  \\$aRoma :$bAracne,$c2007.
=300  \\$a117 p. ;$c21 cm.
=336  \\$atext$2rdacontent
=337  \\$aunmediated$2rdamedia
=338  \\$avolume$2rdacarrier
=490  1\$aStudi di anglistica ;$v5
=500  \\$a"A10/129/5"--ser. t.p.
=504  \\$aIncludes bibliographical references and index.
=530  \\$aAlso available via the Internet.
=600  10$aRuskin, John,$d1819-1900.$tStones of Venice.
=600  10$aRuskin, John,$d1819-1900$xKnowledge$xVenice (Italy)
=600  10$aRuskin, John,$d1819-1900$xAesthetics.
=830  \0$aStudi di anglistica (Rome, Italy) ;$v5.
=852  41$aBritish Library$bHMNTS$jYF.2009.a.2936
=856  42$uhttp://digital.casalini.it/9788854810495
=CAT  \\$a8197$b40$c20080407$lBLL01$h1345
=CAT  \\$a5521$b40$c20090122$lBLL01$h1204
=CAT  \\$aW2308-1659$c20230923$lBLL01$h1121
=FIN  \\$aY$d20090122
=FMT  \\$a  BK
=LAS  \\$aW2308-1659$b00$c20230923$lBLL01$h1121
=SID  \\$aZ39$bOCLC

