=LDR  02272cam a2200625 a 4500
=001  014590687
=003  Uk
=005  20081106135807.0
=008  080325s2007\\\\it\a\\\\\b\\\\000\0\ita\\
=010  \\$a  2008410321
=020  \\$a885481007X (pbk.)
=020  \\$a9788854810075 (pbk.)
=035  \\$a(OCoLC)212738907
=035  \\$a(OCoLC)0212738907
=035  \\$a(ItFiC)it07615450
=040  \\$aDLC$cDLC$dUk
=041  1\$aita$eeng$eita$heng
=042  \\$aukblsr
=043  \\$ae-uk---
=045  \\$at0u9
=050  00$aML2631.2$b.P48 2007
=082  14$a821$221
=100  1\$aPetillo, Mariacristina.
=245  10$aPoesia e musica alla corte di Elisabetta :$b"The triumphs of Oriana" /$cMariacristina Petillo.
=250  \\$a1. ed.
=260  \\$aRoma :$bAracne,$c2007.
=300  \\$a124 p. :$bill. (some col.) ;$c24 cm.
=336  \\$atext$2rdacontent
=337  \\$aunmediated$2rdamedia
=338  \\$avolume$2rdacarrier
=490  1\$aScienze dell'antichità, filologico-letterarie e storico-artistiche ;$v244
=504  \\$aIncludes bibliographical references.
=546  \\$a"The triumphs of Oriana" printed as text with Italian translation: p. 95-124.
=600  00$aElizabeth$bI,$cQueen of England,$d1533-1603$vSongs and music.
=650  \0$aMadrigals, English$y17th century$xHistory and criticism.
=650  \0$aEnglish poetry$yEarly modern, 1500-1700$xHistory and criticism.
=730  0\$aTriumphes of Oriana.$lItalian & English.
=830  \0$aScienze dell'antichità, filologico-letterarie e storico-artistiche ;$v244.
=852  41$aBritish Library$bHMNTS$jYF.2008.a.36391
=856  42$uhttp://digital.casalini.it/9788854810075
=CAT  \\$a10926$b40$c20080416$lBLL01$h0921
=CAT  \\$a7483$b40$c20081106$lBLL01$h1356
=CAT  \\$a7483$b40$c20081106$lBLL01$h1358
=CAT  \\$aBATCH-UPD$b40$c20081111$lBLL01$h0923
=CAT  \\$aBATCH$b00$c20091217$lBLL01$h0525
=CAT  \\$aBATCH$b00$c20100103$lBLL01$h1316
=CAT  \\$aBATCH-UPD$b00$c20100620$lBLL01$h2117
=CAT  \\$aBATCH-UPD$b00$c20150610$lBLL01$h2059
=CAT  \\$aW2308-1659$c20230923$lBLL01$h1121
=FIN  \\$aY$d20081106
=FMT  \\$a  BK
=LAS  \\$aW2308-1659$b00$c20230923$lBLL01$h1121
=LCS  0\$aAIO ;$v244
=SID  \\$aZ39$bOCLC
=SRC  \\$aBLL02

