=LDR  01883cam a2200529 a 4500
=001  014597401
=003  Uk
=005  20081120083747.0
=008  080331s2007\\\\it\\\\\\\b\\\\000\0\ita\\
=010  \\$a  2008420238
=020  \\$a8854810193 (pbk.)
=020  \\$a9788854810198 (pbk.)
=035  \\$a(OCoLC)213302855
=035  \\$a(OCoLC)0213302855
=035  \\$a(ItFiC)it07618247
=040  \\$aDLC$cDLC$dUk
=042  \\$aukblsr
=043  \\$ae-uk-en
=050  00$aPR6052.U638$bC566 2007
=082  14$a823$221
=100  1\$aConsiglio, Maria Cristina.
=245  10$aContestazione e slang giovanile :$b"A clockwork orange" di Anthony Burgess /$cMaria Cristina Consiglio.
=250  \\$a1. ed.
=260  \\$aRoma :$bAracne,$c2007.
=300  \\$a118 p. ;$c24 cm.
=336  \\$atext$2rdacontent
=337  \\$aunmediated$2rdamedia
=338  \\$avolume$2rdacarrier
=490  0\$aScienze dell'antichità, filologico-letterarie e storico-artistiche ;$v248
=504  \\$aIncludes bibliographical references (p. 115-118).
=530  \\$aElectronic ed. avail. at the URL: http: / / digital.casalini.it/ 9788854810198.
=600  10$aBurgess, Anthony,$d1917-1993.$tClockwork orange.
=600  10$aBurgess, Anthony,$d1917-1993$xTranslations into Italian$xHistory and criticism.
=650  \0$aScience fiction, English$xHistory and criticism.
=650  \0$aImaginary languages in literature.
=650  \0$aJuvenile delinquents in literature.
=650  \0$aEnglish language$xSlang.
=852  41$aBritish Library$bHMNTS$jYF.2008.a.38075
=856  42$uhttp://digital.casalini.it/9788854810198
=CAT  \\$a10926$b40$c20080423$lBLL01$h1542
=CAT  \\$a7483$b40$c20081120$lBLL01$h0837
=CAT  \\$aW2308-1659$c20230923$lBLL01$h1122
=FIN  \\$aY$d20081120
=FMT  \\$a  BK
=LAS  \\$aW2308-1659$b00$c20230923$lBLL01$h1122
=SID  \\$aZ39$bOCLC
=SRC  \\$aBLL02

