=LDR  01716cam a2200469 a 4500
=001  014597417
=003  Uk
=005  20081120091653.0
=008  080317s2007\\\\it\a\\\\\b\\\\000\0\ita\d
=020  \\$a9788854811294 (pbk.)
=020  \\$a8854811297 (pbk.)
=035  \\$a(OCoLC)213458422
=040  \\$aC3L$cC3L$dUk
=042  \\$aukblsr
=082  14$a809$221
=100  1\$aCiotti, Fabio.
=245  13$aIl testo e l'automa :$bsaggi di teoria e critica computazionale dei testi letterari /$cFabio Ciotti.
=250  \\$a1. ed.
=260  \\$aRoma :$bAracne,$c2007.
=300  \\$a155 p. :$bill. ;$c24 cm.
=336  \\$atext$2rdacontent
=337  \\$aunmediated$2rdamedia
=338  \\$avolume$2rdacarrier
=490  1\$aScienze dell'antichità, filologico-letterarie e storico-artistiche ;$v265
=500  \\$aF. Ciotti teaches at the University of Rome Tor Vergata.
=500  \\$aElectronic ed. avail. at the URL: http: / / digital.casalini.it/ 9788854811294.
=504  \\$aIncludes bibliographical references.
=650  \0$aCriticism, Textual$xData processing.
=650  \0$aHypertext systems.
=830  \0$aScienze dell'antichità, filologico-letterarie e storico-artistiche ;$v265.
=852  41$aBritish Library$bHMNTS$jYF.2008.a.38076
=856  42$uhttp://digital.casalini.it/9788854811294
=CAT  \\$a10926$b40$c20080423$lBLL01$h1553
=CAT  \\$a7483$b40$c20081120$lBLL01$h0916
=CAT  \\$aBATCH$b00$c20091217$lBLL01$h0525
=CAT  \\$aBATCH$b00$c20100103$lBLL01$h1317
=CAT  \\$aBATCH-UPD$b00$c20100620$lBLL01$h2117
=CAT  \\$aW2308-1659$c20230923$lBLL01$h1122
=FIN  \\$aY$d20081120
=FMT  \\$a  BK
=LAS  \\$aW2308-1659$b00$c20230923$lBLL01$h1122
=SID  \\$aZ39$bOCLC

