=LDR  01801cam a2200529 a 4500
=001  014597423
=003  Uk
=005  20081120105823.0
=008  080325s2007\\\\it\\\\\\\b\\\\000\0\ita\\
=010  \\$a  2008410104
=020  \\$a9788854811812 (pbk.)
=020  \\$a8854811815 (pbk.)
=035  \\$a(OCoLC)213458426
=035  \\$a(OCoLC)0213458426
=035  \\$a(ItFiC)it08601224
=040  \\$aDLC$cDLC$dUk
=042  \\$aukblsr
=043  \\$ae-ur---
=050  00$aPG2567$b.G78 2007
=082  14$a491$221
=100  1\$aGruzova, Ekaterina.
=245  10$aAspetti di lingua russa :$blessicologia, fraseologia e linguaggio giornalistico /$cEkaterina Gruzova.
=250  \\$a1. ed.
=260  \\$aRoma :$bAracne,$cc2007.
=300  \\$a38 p. ;$c24 cm.
=336  \\$atext$2rdacontent
=337  \\$aunmediated$2rdamedia
=338  \\$avolume$2rdacarrier
=490  1\$aScienze dell'antichità filologico-letterarie e storico-artistiche ;$v271
=504  \\$aIncludes bibliographical references.
=650  \0$aRussian language$xLexicology.
=650  \0$aRussian language$xPhraseology.
=650  \0$aJournalism$xLanguage.
=830  \0$aScienze dell'antichità filologico-letterarie e storico-artistiche ;$v271
=852  41$aBritish Library$bHMNTS$jYF.2008.a.38078
=856  42$uhttp://digital.casalini.it/9788854811812
=CAT  \\$a10926$b40$c20080423$lBLL01$h1556
=CAT  \\$a7483$b40$c20081120$lBLL01$h1058
=CAT  \\$aBATCH$b00$c20091217$lBLL01$h0525
=CAT  \\$aBATCH$b00$c20100103$lBLL01$h1317
=CAT  \\$aW2308-1659$c20230923$lBLL01$h1122
=FIN  \\$aY$d20081120
=FMT  \\$a  BK
=LAS  \\$aW2308-1659$b00$c20230923$lBLL01$h1122
=LCS  0\$aScienze dell'antichità, filologico-letterarie e storico-artistiche ;$v271
=SID  \\$aZ39$bOCLC
=SRC  \\$aBLL02

