=LDR  02278cam a2200601 a 4500
=001  014597434
=003  Uk
=005  20081121105641.0
=008  080317s2006\\\\it\\\\\\\b\\\\001\0\ita\d
=020  \\$a9788879995337 (pbk.)
=020  \\$a8879995332 (pbk.)
=035  \\$a(OCoLC)213458056
=040  \\$aC3L$cC3L$dUk
=042  \\$aukblsr
=043  \\$ae-it---
=045  \\$av0w1$aw1w9$ax0x4$ax4x-
=082  14$a850$221
=100  10$aVergelli, Anna.
=245  10$aRoma in scena e dietro le quinte /$cAnna Vergelli.
=250  \\$a1. ed.
=260  \\$aRoma :$bAracne,$c2006.
=300  \\$a315 p. ;$c24 cm.
=336  \\$atext$2rdacontent
=337  \\$aunmediated$2rdamedia
=338  \\$avolume$2rdacarrier
=490  1\$aScienze dell'antichità, filologico-letterarie e storico-artistiche ;$v122
=500  \\$aElectronic ed. avail. at the URL: http: / / digital.casalini.it/ 8879995332.
=504  \\$aIncludes bibliographical references and index.
=600  00$aChristina,$cQueen of Sweden,$d1626-1689$xTravel$zItaly$zRome.
=600  00$aChristina,$cQueen of Sweden,$d1626-1689$xIn literature.
=610  20$aAccademia degli Arcadi$xHistory.
=650  \0$aItalian literature$y17th century$xHistory and criticism.
=650  \0$aItalian literature$y18th century$xHistory and criticism.
=650  \0$aPastoral literature, Italian$xHistory and criticism.
=650  \0$aArcadia in literature.
=650  \0$aLaudatory poetry, Italian$xHistory and criticism.
=651  \0$aRome (Italy)$xIn literature.
=830  \0$aScienze dell'antichità, filologico-letterarie e storico-artistiche ;$v122.
=852  41$aBritish Library$bHMNTS$jYF.2008.a.38112
=856  42$uhttp://digital.casalini.it/8879995332
=CAT  \\$a10926$b40$c20080423$lBLL01$h1603
=CAT  \\$a7483$b40$c20081120$lBLL01$h1047
=CAT  \\$a7483$b40$c20081121$lBLL01$h0916
=CAT  \\$a7483$b40$c20081121$lBLL01$h1056
=CAT  \\$aBATCH$b00$c20091217$lBLL01$h0525
=CAT  \\$aBATCH$b00$c20100103$lBLL01$h1317
=CAT  \\$aBATCH-UPD$b00$c20100620$lBLL01$h2117
=CAT  \\$aBATCH-UPD$b00$c20170504$lBLL01$h2057
=CAT  \\$aW2308-1659$c20230923$lBLL01$h1122
=FIN  \\$aY$d20081120
=FMT  \\$a  BK
=LAS  \\$aW2308-1659$b00$c20230923$lBLL01$h1122
=SID  \\$aZ39$bOCLC

