=LDR  02218cam a2200589 a 4500
=001  014597442
=003  Uk
=005  20081106141632.0
=008  080407s2007\\\\it\\\\\\\b\\\\000\0\ita\\
=010  \\$a  2008410930
=020  \\$a9788854810952 (pbk.)
=020  \\$a8854810959 (pbk.)
=035  \\$a(OCoLC)213458417
=035  \\$a(ItFiC)it08600406
=040  \\$aDLC$cDLC$dUk
=042  \\$aukblsr
=043  \\$ae-uk---
=050  00$aDA589.4$b.M368 2007
=082  14$a306$221
=100  1\$aMartino, Pierpaolo.
=245  10$aDown in Albion :$bstudi sulla cultura pop inglese /$cPierpaolo Martino.
=250  \\$a1. ed.
=260  \\$aRoma :$bAracne,$c2007.
=300  \\$a216 p. ;$c22 cm.
=336  \\$atext$2rdacontent
=337  \\$aunmediated$2rdamedia
=338  \\$avolume$2rdacarrier
=490  1\$aScienze dell'antichità filologico-letterarie e storico-artistiche ;$v257
=500  \\$aElectronic ed. avail. at the URL: http: / / digital.it/ 9788854810952.
=504  \\$aIncludes bibliographical references (p. 203-212), discography (p. 213-214), and filmography (p. 215-216).
=650  \0$aPopular culture$zGreat Britain$xHistory$y20th century.
=650  \0$aPopular music$zGreat Britain$xHistory$y20th century.
=651  \0$aGreat Britain$xSocial life and customs$y20th century.
=690  7\$aSocial Welfare$2blcoll
=830  \0$aScienze dell'antichità filologico-letterarie e storico-artistiche ;$v257
=852  41$aBritish Library$bHMNTS$jYF.2008.a.36390
=856  42$uhttp://digital.casalini.it/9788854810952
=CAT  \\$a10926$b40$c20080423$lBLL01$h1606
=CAT  \\$a7483$b40$c20081106$lBLL01$h1416
=CAT  \\$aBATCH-UPD$b40$c20081111$lBLL01$h0933
=CAT  \\$aBATCH$b00$c20091217$lBLL01$h0525
=CAT  \\$aBATCH$b00$c20100103$lBLL01$h1317
=CAT  \\$aBATCH$b00$c20110625$lBLL01$h0537
=CAT  \\$aBATCH-SWP4$c20110627$lBLL01$h1621
=CAT  \\$aBATCH-UPD$b00$c20151218$lBLL01$h0545
=CAT  \\$aW2308-1659$c20230923$lBLL01$h1122
=FIN  \\$aY$d20081106
=FMT  \\$a  BK
=LAS  \\$aW2308-1659$b00$c20230923$lBLL01$h1122
=LCS  0\$aScienze dell'antichità, filologico-letterarie e storico-artistiche ;$v257
=SID  \\$aZ39$bOCLC
=SRC  \\$aBLL02

