=LDR  01725cam a2200529 a 4500
=001  014597468
=003  Uk
=005  20090616140333.0
=008  080325s2007\\\\it\\\\\\\b\\\\000\0\ita\\
=010  \\$a2008410095
=020  \\$a9788854811560 (pbk.)
=020  \\$a8854811564 (pbk.)
=035  \\$a(OCoLC)213458424
=035  \\$a(OCoLC)0213458424
=035  \\$a(ItFiC)it08601100
=040  \\$aDLC$cDLC$dDLC$dUk
=042  \\$aukblsr
=043  \\$ae-uk---$ae-fr---
=045  \\$ax0x4$ax4x-
=050  00$aPR6019.O9$bZ7925 2007
=100  1\$aSabatini, Federico.
=245  10$aIm-marginable :$blo spazio di Joyce, Beckett, e Genet /$cFederico Sabatini.
=250  \\$a1. ed.
=260  \\$aRoma :$bAracne,$c2007.
=300  \\$a259 p. ;$c24 cm.
=336  \\$atext$2rdacontent
=337  \\$aunmediated$2rdamedia
=338  \\$avolume$2rdacarrier
=500  \\$a"A10/279"--ser. t.p.
=504  \\$aIncludes bibliographical references (p. 245-259).
=600  10$aJoyce, James,$d1882-1941$xCriticism and interpretation.
=600  10$aBeckett, Samuel,$d1906-1989$xCriticism and interpretation.
=600  10$aGenet, Jean,$d1910-1986$xCriticism and interpretation.
=650  \0$aSpace in literature.
=650  \0$aPerception in literature.
=650  \0$aSpace perception.
=650  \0$aPlace (Philosophy) in literature.
=852  41$aBritish Library$bHMNTS$jYF.2009.a.18806
=856  42$uhttp://digital.casalini.it/9788854811560
=CAT  \\$a10926$b40$c20080423$lBLL01$h1628
=CAT  \\$a5521$b40$c20090616$lBLL01$h1403
=CAT  \\$aW2308-1659$c20230923$lBLL01$h1122
=FIN  \\$aY$d20090616
=FMT  \\$a  BK
=LAS  \\$aW2308-1659$b00$c20230923$lBLL01$h1122
=SID  \\$aZ39$bOCLC
=SID  \\$aZ39$bLOC

