=LDR  01491cam a2200469 a 4500
=001  014597835
=003  Uk
=005  20090501122125.0
=008  080310s2007\\\\it\\\\\\\b\\\\000\0\ita\d
=020  \\$a9788854810112 (pbk.)
=020  \\$a8854810118 (pbk.)
=035  \\$a(OCoLC)213302851
=040  \\$aC3L$cC3L$dUk
=041  0\$aita$ager
=042  \\$aukblsr
=043  \\$ae-gx---
=045  \\$ax4x-
=082  14$a320$221
=100  1\$aBrambilla, Marina Marzia,$d1973-
=245  13$aIl discorso politico nei paesi di lingua tedesca :$bmetodi e modelli di analisi linguistica /$cMarina Marzia Brambilla.
=250  \\$a1. ed.
=260  \\$aRoma :$bAracne,$c2007.
=300  \\$a145 p. ;$c25 cm.
=336  \\$atext$2rdacontent
=337  \\$aunmediated$2rdamedia
=338  \\$avolume$2rdacarrier
=500  \\$a"A10/245"--Ser. t.p.
=504  \\$aIncludes bibliographical references.
=546  \\$aText in Italian and German.
=650  \0$aPolitical oratory$zGermany.
=650  \0$aGerman language$xRhetoric.
=650  \0$aGerman language$xPolitical aspects.
=852  41$aBritish Library$bHMNTS$jYF.2009.a.13363
=856  42$uhttp://digital.casalini.it/9788854810112
=CAT  \\$a10926$b40$c20080424$lBLL01$h1200
=CAT  \\$a12640$b40$c20090327$lBLL01$h1451
=CAT  \\$a6470$b40$c20090501$lBLL01$h1221
=CAT  \\$aW2308-1659$c20230923$lBLL01$h1122
=FIN  \\$aY$d20090327
=FMT  \\$a  BK
=LAS  \\$aW2308-1659$b00$c20230923$lBLL01$h1122
=SID  \\$aZ39$bOCLC

