=LDR  01744cam a2200469 a 4500
=001  014598878
=003  Uk
=005  20081127170544.0
=008  080310s2007\\\\it\a\\\\\b\\\\000\0\ita\d
=020  \\$a885481119X (pbk.)
=020  \\$a9788854811195 (pbk.)
=035  \\$a(OCoLC)213303574
=040  \\$aC3L$cC3L$dUk
=042  \\$aukblsr
=082  14$a770$221
=245  03$aLa fotografia dal referente al segno /$ca cura di Maria Gabriella Guglielmi ; introduzione di Antonio Tateo ; aggiornamento bibliografico di Antonello Tolve.
=250  \\$a1. ed.
=260  \\$aRoma :$bAracne,$c2007.
=300  \\$a55 p. :$bill. ;$c24 cm.
=336  \\$atext$2rdacontent
=337  \\$aunmediated$2rdamedia
=338  \\$avolume$2rdacarrier
=490  1\$aScienze dell'antichità, filologico-letterarie e storico-artistiche ;$v261
=500  \\$aElectronic ed. avail. at the URL: http: / / digital.casalini. it/ 9788854811195.
=504  \\$aIncludes bibliographical references.
=650  \0$aPhotography$xHistory.
=700  1\$aGuglielmi, Maria Gabriella.
=700  1\$aTolve, Antonello.
=830  \0$aScienze dell'antichità, filologico-letterarie e storico-artistiche ;$v261.
=852  41$aBritish Library$bHMNTS$jYF.2008.a.39229
=856  42$uhttp://digital.casalini.it/9788854811195
=CAT  \\$a8197$b40$c20080425$lBLL01$h1447
=CAT  \\$a7483$b40$c20081104$lBLL01$h1314
=CAT  \\$a6470$b40$c20081127$lBLL01$h1705
=CAT  \\$aBATCH$b00$c20091217$lBLL01$h0525
=CAT  \\$aBATCH$b00$c20100103$lBLL01$h1317
=CAT  \\$aBATCH-UPD$b00$c20100620$lBLL01$h2117
=CAT  \\$aW2308-1659$c20230923$lBLL01$h1122
=FIN  \\$aY$d20081104
=FMT  \\$a  BK
=LAS  \\$aW2308-1659$b00$c20230923$lBLL01$h1122
=SID  \\$aZ39$bOCLC

