=LDR  01545cam a2200493 a 4500
=001  014598879
=003  Uk
=005  20081127164134.0
=008  080325s2007\\\\it\\\\\\\b\\\\001\0\ita\\
=010  \\$a  2008410646
=020  \\$a9788854812895 (pbk.)
=020  \\$a8854812897 (pbk.)
=035  \\$a(OCoLC)213302897
=035  \\$a(ItFiC)it07619294
=040  \\$aDLC$cDLC$dUk
=041  0\$aita$afre
=042  \\$aukblsr
=043  \\$ae-fr---
=045  \\$aw1w9
=050  00$aPQ2344.H43$bM37 2007
=082  14$a841$221
=100  1\$aMartoccia, Giuseppe,$d1975-
=245  10$aHérodiade, Scène /$cGiuseppe Martoccia.
=250  \\$a1. ed.
=260  \\$aRoma :$bAracne,$cc2007.
=300  \\$a164 p. ;$c21 cm.
=336  \\$atext$2rdacontent
=337  \\$aunmediated$2rdamedia
=338  \\$avolume$2rdacarrier
=500  \\$aPartially based on the author's thesis (doctoral)--Università degli studi di Palermo, 2004.
=500  \\$a"A10/285"--Prelim. p.
=504  \\$aIncludes bibliographical references (p. 141-159) and index.
=546  \\$aText in Italian and French.
=600  10$aMallarmé, Stéphane,$d1842-1898.$tHérodiade.
=852  41$aBritish Library$bHMNTS$jYF.2008.a.39080
=856  42$uhttp://digital.casalini.it/9788854812895
=CAT  \\$a8197$b40$c20080425$lBLL01$h1449
=CAT  \\$a12640$b40$c20081127$lBLL01$h1641
=CAT  \\$aW2308-1659$c20230923$lBLL01$h1122
=FIN  \\$aY$d20081127
=FMT  \\$a  BK
=LAS  \\$aW2308-1659$b00$c20230923$lBLL01$h1122
=SID  \\$aZ39$bOCLC
=SRC  \\$aBLL02

