=LDR  01849cam a2200517 a 4500
=001  014598883
=003  Uk
=005  20090429175200.0
=008  080310s2007\\\\it\a\\\\\b\\\\000\0\ita\d
=020  \\$a9788854811348 (pbk.)
=020  \\$a8854811343 (pbk.)
=035  \\$a(OCoLC)213303580
=040  \\$aC3L$cC3L$dUk
=042  \\$aukblsr
=043  \\$ae-it---
=045  \\$av0w1
=082  14$a780$221
=100  10$aPaesani, Luciano.
=245  10$aNunziato Porta :$bil fantasma dell'opera /$cLuciano Paesani ; presentazione di József Pál.
=250  \\$a1a ed.
=260  \\$aRoma :$bAracne,$c2007.
=300  \\$a203 p. :$bill. ;$c21 cm.
=336  \\$atext$2rdacontent
=337  \\$aunmediated$2rdamedia
=338  \\$avolume$2rdacarrier
=500  \\$a"A10, 236"--Series t.p.
=500  \\$aIncl. (p. 51-201) facs. repr. of 1775 and 1782 eds. of 2 librettos by Nunziato Porta (18th cent.), poet.
=504  \\$aIncludes bibliographical references.
=600  10$aGuglielmi, Pietro Alessandro,$d1728-1804.$tOrlando paladino.
=600  10$aHaydn, Joseph,$d1732-1809.$tOrlando paladino.
=650  \0$aOperas$vLibrettos.
=650  \0$aRoland (Legendary character)$vDrama.
=700  1\$aPorta, Nunziato.
=700  12$aGuglielmi, Pietro Alessandro,$d1728-1804.$tOrlando paladino.$sLibretto.
=700  12$aHaydn, Joseph,$d1732-1809.$tOrlando paladino.$sLibretto.
=852  41$aBritish Library$bHMNTS$jYF.2009.a.13107
=856  42$uhttp://digital.casalini.it/9788854811348
=CAT  \\$a8197$b40$c20080425$lBLL01$h1450
=CAT  \\$a12640$b40$c20081128$lBLL01$h1758
=CAT  \\$a12640$b40$c20090429$lBLL01$h1752
=CAT  \\$aBATCH-UPD$b40$c20151118$lBLL01$h2103
=CAT  \\$aW2308-1659$c20230923$lBLL01$h1122
=FIN  \\$aY$d20090429
=FMT  \\$a  BK
=LAS  \\$aW2308-1659$b00$c20230923$lBLL01$h1122
=SID  \\$aZ39$bOCLC

