=LDR  01402cam a2200445 a 4500
=001  014598907
=003  Uk
=005  20090327142126.0
=008  080310s2007\\\\it\\\\\\\b\\\\000\0dita\d
=020  \\$a9788854810969 (pbk.)
=020  \\$a8854810967 (pbk.)
=035  \\$a(OCoLC)213303567
=040  \\$aC3L$cC3L$dUk
=041  0\$aita$aspa
=042  \\$aukblsr
=043  \\$ae-po---$ae-sp---
=045  \\$ax4x-
=082  14$a863$221
=100  1\$aGaleota Cajati, Adele.
=245  13$aLe regole dell'enigma :$bla narrativa di Silvina Ocampo /$cAdele Galeota Cajati.
=250  \\$a1. ed.
=260  \\$aRoma :$bAracne,$c2007.
=300  \\$a141 p. ;$c24 cm.
=336  \\$atext$2rdacontent
=337  \\$aunmediated$2rdamedia
=338  \\$avolume$2rdacarrier
=490  0\$aStudi americani, culturali e linguistici ;$v8
=500  \\$a"A10/113"--Ser. t.p.
=504  \\$aIncludes bibliographical references.
=546  \\$aText in Italian with passages in Spanish.
=600  10$aOcampo, Silvina$xCriticism and interpretation.
=852  41$aBritish Library$bHMNTS$jYF.2009.a.10759
=856  42$uhttp://digital.casalini.it/9788854810969
=CAT  \\$a8197$b40$c20080425$lBLL01$h1515
=CAT  \\$a12640$b40$c20090327$lBLL01$h1421
=CAT  \\$aW2308-1659$c20230923$lBLL01$h1122
=FIN  \\$aY$d20090327
=FMT  \\$a  BK
=LAS  \\$aW2308-1659$b00$c20230923$lBLL01$h1122
=SID  \\$aZ39$bOCLC

