=LDR  02018 am a2200577 a 4500
=001  014599655
=003  Uk
=005  20081218100127.0
=008  080407s2007\\\\it\a\\\\\b\\\\001\0bita\\
=010  \\$a2008420013
=020  \\$a9788854811140 (pbk.)
=020  \\$a8854811149 (pbk.)
=035  \\$a(ItFiC)it08600643
=040  \\$aDLC$cDLC$dUk
=041  1\$aita$alat$hlat
=042  \\$aukblsr
=043  \\$ae------$aff-----$aaw-----
=045  \\$ad4i-
=050  00$aDG295$b.A78 2007
=100  1\$aAste, Antonio.
=245  13$aLa vita Aelii dell'Historia Augusta /$cAntonio Aste ; testo, traduzione e commento a cura di Antonio Aste.
=250  \\$a1. ed.
=260  \\$aRoma :$bAracne,$c2007.
=300  \\$a84 p. :$bill. ;$c24 cm.
=336  \\$atext$2rdacontent
=337  \\$aunmediated$2rdamedia
=338  \\$avolume$2rdacarrier
=500  \\$a"A10/267"--ser. t.p.
=504  \\$aIncludes bibliographical references (p. 69-78) and indexes.
=530  \\$aAlso available via the Internet.
=546  \\$aVita Aelii in Latin original and Italian translation; critical matter in Italian.
=600  00$aHadrian,$cEmperor of Rome,$d76-138$xFriends and associates.
=600  10$aAelius Caesar, Lucius,$d-138.
=630  00$aScriptores historiae Augustae.$tVita Aelii.
=650  \0$aEmperors$xSuccession$zRome.
=651  \0$aRome$vBiography.
=651  \0$aRome$xHistory$yHadrian, 117-138.
=730  02$aScriptores historiae Augustae.$tVita Aelii.$lItalian & Latin.
=852  41$aBritish Library$bHMNTS$jYF.2008.a.41401
=856  42$uhttp://digital.casalini.it/9788854811140
=985  \\$aRecord amended for WR# 13/070
=CAT  \\$a10926$b40$c20080428$lBLL01$h1114
=CAT  \\$a5521$b40$c20081216$lBLL01$h1133
=CAT  \\$a5521$b40$c20081216$lBLL01$h1157
=CAT  \\$a5521$b40$c20081218$lBLL01$h1001
=CAT  \\$aWR13_070$b00$c20130504$lBLL01$h0302
=FIN  \\$aY$d20081216
=FMT  \\$a  BK
=LAS  \\$aWR13_070$b00$c20130504$lBLL01$h0302
=SID  \\$aZ39$bOCLC
=SID  \\$aZ39$bLOC

