=LDR  01543cam a2200457 a 4500
=001  014599659
=003  Uk
=005  20081216115503.0
=008  080331s2007\\\\it\\\\\\\b\\\\000\0dita\d
=020  \\$a9788854812369 (pbk.)
=020  \\$a8854812366 (pbk.)
=035  \\$a(OCoLC)216923221
=040  \\$aC3L$cC3L$dUk
=042  \\$aukblsr
=043  \\$ae-it---
=045  \\$ax4x-
=100  1\$aPaparella, Angela.
=245  10$aGiù la piazza non c'è nessuno, di Dolores Prato :$bla vicenda editoriale attraverso le lettere /$cAngela Paparella.
=250  \\$a1. ed.
=260  \\$aRoma :$bAracne,$c2007.
=300  \\$a294 p. ;$c24 cm.
=336  \\$atext$2rdacontent
=337  \\$aunmediated$2rdamedia
=338  \\$avolume$2rdacarrier
=500  \\$a"A10/278"--ser. t.p.
=504  \\$aIncludes bibliographical references.
=530  \\$aAlso available via the Internet.
=600  10$aPrato, Dolores.$tGiù la piazza non c'è nessuno.
=600  10$aPrato, Dolores$vCorrespondence.
=610  20$aGiulio Einaudi editore$vCorrespondence.
=650  \0$aAuthors, Italian$y20th century$vCorrespondence.
=700  12$aPrato, Dolores.$tCorrespondence.$kSelections.
=852  41$aBritish Library$bHMNTS$jYF.2008.a.41400
=856  42$uhttp://digital.casalini.it/9788854812369
=CAT  \\$a10926$b40$c20080428$lBLL01$h1117
=CAT  \\$a5521$b40$c20081216$lBLL01$h1155
=CAT  \\$aW2308-1659$c20230923$lBLL01$h1122
=FIN  \\$aY$d20081216
=FMT  \\$a  BK
=LAS  \\$aW2308-1659$b00$c20230923$lBLL01$h1122
=SID  \\$aZ39$bOCLC

