=LDR  01599cam a2200505 a 4500
=001  014600785
=003  Uk
=005  20081112114247.0
=008  080317s2007\\\\it\ab\\\\b\\\\000\0\ita\\
=010  \\$a2008410072
=020  \\$a9788854811287 (pbk.)
=020  \\$a8854811289 (pbk.)
=035  \\$a(OCoLC)213303578
=035  \\$a(OCoLC)0213303578
=035  \\$a(ItFiC)it08600899
=040  \\$aDLC$cDLC$dUk
=042  \\$aukblsr
=043  \\$aa-cc---
=045  \\$ad4i-$ax4x-
=050  00$aCC80.4$b.T66 2007
=100  1\$aTondi, Emiliano.
=245  10$aArcheologia predittiva e geographic information systems /$cEmiliano Tondi.
=250  \\$a1. ed.
=260  \\$aRoma :$bAracne,$cc2007.
=300  \\$a212 p. :$bcol. ill., col. maps ;$c29 cm.
=336  \\$atext$2rdacontent
=337  \\$aunmediated$2rdamedia
=338  \\$avolume$2rdacarrier
=500  \\$a"A10/264"--ser. t.p.
=504  \\$aIncludes bibliographical references (p. 151-161).
=650  \0$aArchaeology$xData processing.
=650  \0$aArchaeology$xMathematical models.
=650  \0$aArchaeology$xComputer simulation.
=650  \0$aGeographic information systems.
=650  \0$aExcavations (Archaeology)$xData processing.
=852  41$aBritish Library$bHMNTS$jYF.2008.b.3202
=856  42$uhttp://digital.casalini.it/9788854811287
=CAT  \\$a8197$b40$c20080429$lBLL01$h1157
=CAT  \\$a5521$b40$c20081112$lBLL01$h1142
=CAT  \\$aW2308-1659$c20230923$lBLL01$h1122
=FIN  \\$aY$d20081112
=FMT  \\$a  BK
=LAS  \\$aW2308-1659$b00$c20230923$lBLL01$h1122
=SID  \\$aZ39$bOCLC
=SID  \\$aZ39$bLOC

