=LDR  01759cam a2200517 a 4500
=001  014632458
=003  Uk
=005  20090323093102.0
=008  080407s2007\\\\it\\\\\\\b\\\\000\0\ita\d
=020  \\$a9788854811393 (pbk.)
=020  \\$a8854811394 (pbk.)
=035  \\$a(OCoLC)221522850
=040  \\$aC3L$cC3L$dDGU$dUk
=041  0\$aita$afro
=042  \\$aukblsr
=043  \\$ae-fr---
=045  \\$ao0s9
=082  14$a841$221
=100  1\$aBalestrero, Monica.
=245  14$aIl "Lai di Lanval" di Marie de France /$cMonica Balestrero.
=250  \\$a1. ed.
=260  \\$aRoma :$bAracne,$c2007.
=300  \\$a130 p. ;$c24 cm.
=336  \\$atext$2rdacontent
=337  \\$aunmediated$2rdamedia
=338  \\$avolume$2rdacarrier
=490  0\$aScienze dell'antichità, filologico-letterarie e storico-artistiche ;$v259
=500  \\$aElectronic ed. avail. at the URL: http: / / digital.casalini. it/ 9788854811393.
=504  \\$aIncludes bibliographical references.
=546  \\$aIncl. orig. old French poem (p. 65-69) by Marie de France (12th cent.).
=600  00$aMarie,$cde France,$dactive 12th century.$tLanval.
=650  \0$aChivalry in literature.
=650  \0$aCourtly love in literature.
=650  \0$aLays$xHistory and criticism.
=650  \0$aLove in literature.
=852  41$aBritish Library$bHMNTS$jYF.2009.a.9606
=856  42$uhttp://digital.casalini.it/9788854811393
=985  \\$aRecord amended for WR# 13/070
=CAT  \\$a10775$b40$c20080603$lBLL01$h1309
=CAT  \\$a7483$b40$c20090323$lBLL01$h0931
=CAT  \\$aWR13_070$b00$c20130504$lBLL01$h0303
=CAT  \\$aW2308-1659$c20230923$lBLL01$h1124
=FIN  \\$aY$d20090323
=FMT  \\$a  BK
=LAS  \\$aW2308-1659$b00$c20230923$lBLL01$h1124
=SID  \\$aZ39$bOCLC

