=LDR  01303cam a2200445 a 4500
=001  014660817
=003  Uk
=005  20090106121122.0
=008  071126s2006\\\\it\\\\\\\\\\\\000\1\ita\d
=020  \\$a8887298971 (pbk.)
=020  \\$a9788887298970 (pbk.)
=035  \\$a(OCoLC)182527070
=040  \\$aC3L$cC3L$dUk
=042  \\$aukblsr
=043  \\$ae-it---
=045  \\$ax4x-
=100  1\$aCensi, Cristina.
=245  13$aIl gioco dell'oca /$cCristina Censi.
=250  \\$a1. ed.
=260  \\$aTorino :$bName,$c2006.
=300  \\$a92 p. ;$c20 cm.
=336  \\$atext$2rdacontent
=337  \\$aunmediated$2rdamedia
=338  \\$avolume$2rdacarrier
=490  1\$aVoci
=530  \\$aAlso available via the Internet.
=830  \0$aVoci.
=852  41$aBritish Library$bHMNTS$jYF.2009.a.1354
=856  42$uhttp://digital.casalini.it/8887298971
=985  \\$a100 is new -- see back cover
=CAT  \\$a11375$b40$c20080707$lBLL01$h1619
=CAT  \\$a5521$b40$c20090106$lBLL01$h1211
=CAT  \\$aBATCH$b00$c20091217$lBLL01$h0530
=CAT  \\$aBATCH$b00$c20100103$lBLL01$h1322
=CAT  \\$aW2308-1659$c20230923$lBLL01$h1126
=CAT  \\$aBATCH-UPD$b00$c20230926$lBLL01$h1645
=FIN  \\$aY$d20090106
=FMT  \\$a  BK
=LAS  \\$aBATCH-UPD$b00$c20230926$lBLL01$h1645
=SID  \\$aZ39$bOCLC

