=LDR  01487cam a2200445 a 4500
=001  014665468
=003  Uk
=005  20090324161729.0
=008  080602s2006\\\\it\a\\\\\b\\\\000\0\ita\d
=020  \\$a8854805807 (pbk.)
=020  \\$a9788854805804 (pbk.)
=035  \\$a(OCoLC)230710672
=040  \\$aC3L$cC3L$dUk
=042  \\$aukblsr
=043  \\$ae-fr---
=045  \\$ao0s9
=100  1\$aBalestrero, Monica.
=245  10$aImitazione e problemi di ricezione :$bla vicenda dell'Erec et Enide di Chrétien de Troyes /$cMonica Balestrero.
=250  \\$a1. ed.
=260  \\$aRoma :$bAracne,$c2006.
=300  \\$a159 p. :$bill. (chiefly col.) ;$c21 cm.
=336  \\$atext$2rdacontent
=337  \\$aunmediated$2rdamedia
=338  \\$avolume$2rdacarrier
=500  \\$a"A10/172"--ser. t.p.
=504  \\$aIncludes bibliographical references.
=530  \\$aAlso available via the Internet.
=600  00$aChrétien,$cde Troyes,$dactive 12th century.$tErec et Enide.
=852  41$aBritish Library$bHMNTS$jYF.2009.a.9915
=856  42$uhttp://digital.casalini.it/8854805807
=985  \\$aRecord amended for WR# 13/070
=CAT  \\$a8197$b40$c20080711$lBLL01$h1041
=CAT  \\$a5521$b40$c20090324$lBLL01$h1617
=CAT  \\$aBATCH-UPD$b40$c20100122$lBLL01$h2126
=CAT  \\$aWR13_070$b00$c20130504$lBLL01$h0304
=CAT  \\$aW2308-1659$c20230923$lBLL01$h1126
=FIN  \\$aY$d20090324
=FMT  \\$a  BK
=LAS  \\$aW2308-1659$b00$c20230923$lBLL01$h1126
=SID  \\$aZ39$bOCLC

