=LDR  01453cam a2200433 a 4500
=001  014677251
=003  Uk
=005  20090209150004.0
=008  080616s2006\\\\it\\\\\\\b\\\\001\0\ita\d
=020  \\$a8854804894 (pbk.)
=020  \\$a9788854804890 (pbk.)
=035  \\$a(OCoLC)232123562
=040  \\$aC3L$cC3L$dUk
=042  \\$aukblsr
=043  \\$ae-it---
=045  \\$ad4i-
=082  14$a937$221
=100  1\$aSoverini, Paolo.
=245  10$aAspetti della rappresentazione degli imperatori nella storiografia tardo-antica /$cPaolo Soverini.
=250  \\$a1. ed.
=260  \\$aRoma :$bAracne,$c2006.
=300  \\$a71 p. ;$c24 cm.
=336  \\$atext$2rdacontent
=337  \\$aunmediated$2rdamedia
=338  \\$avolume$2rdacarrier
=490  0\$aScienze dell'antichità, filologico-letterarie e storico-artistiche ;$v174
=500  \\$aElectronic ed. avail. at the URL: http: / / digital.casalini.it/ 8854804894.
=504  \\$aIncludes bibliographical references and index.
=650  \0$aEmperors$zRome$xBiography$xHistory and criticism.
=650  \0$aHistoriography$zRome.
=852  41$aBritish Library$bHMNTS$jYF.2009.a.3767
=856  42$uhttp://digital.casalini.it/8854804894
=CAT  \\$a8197$b40$c20080725$lBLL01$h1041
=CAT  \\$a7483$b40$c20090209$lBLL01$h1500
=CAT  \\$aW2308-1659$c20230923$lBLL01$h1127
=FIN  \\$aY$d20090209
=FMT  \\$a  BK
=LAS  \\$aW2308-1659$b00$c20230923$lBLL01$h1127
=SID  \\$aZ39$bOCLC

