=LDR  01571cam a22004694a 4500
=001  014706807
=003  Uk
=005  20090318132128.0
=008  080728s2007\\\\it\\\\\\\b\\\\001\0\ita\\
=010  \\$a  2008456183
=020  \\$a9788884536419 (pbk.)
=020  \\$a9788884536426 (online)
=035  \\$a(ItFiC)it07592043
=040  \\$aDLC$cDLC$dUk
=042  \\$aukblsr
=043  \\$ae------
=050  00$aD116$b.T33 2007
=100  10$aTabacco, Giovanni.
=245  10$aMedievistica del Novecento :$brecensioni e note di lettura /$cGiovanni Tabacco ; a cura di Paola Guglielmotti.
=260  \\$aFirenze :$bFirenze University Press,$c2007.
=300  \\$a2 v. (xxix, 778 p.) ;$c24 cm.
=336  \\$atext$2rdacontent
=337  \\$aunmediated$2rdamedia
=338  \\$avolume$2rdacarrier
=490  0\$aReti medievali. E-book Monografie ;$v5
=504  \\$aIncludes bibliographical references and index.
=505  0\$a1. 1951-1980 -- 2. 1981-1999.
=650  \0$aMiddle Ages$vBook reviews.
=650  \0$aMiddle Ages$xHistoriography.
=700  1\$aGuglielmotti, Paola.
=852  41$aBritish Library$bHMNTS$jYF.2009.a.8811
=856  42$uhttp://digital.casalini.it/9788884536426
=CAT  \\$a11375$b40$c20080902$lBLL01$h0931
=CAT  \\$a7483$b40$c20090318$lBLL01$h1321
=CAT  \\$aW2308-1659$c20230923$lBLL01$h1128
=CAT  \\$aBATCH-UPD$b00$c20230926$lBLL01$h1926
=FIN  \\$aY$d20090318
=FMT  \\$a  BK
=LAS  \\$aBATCH-UPD$b00$c20230926$lBLL01$h1926
=LCS  0\$aReti medievali. E-book, Monografie ;$v5
=SID  \\$aZ39$bLOC
=SRC  \\$aBLL02

