=LDR  01430cam a2200421 a 4500
=001  014707339
=003  Uk
=005  20090211130554.0
=008  070326s2005\\\\it\\\\\\\b\\\\000\0\ita\d
=020  \\$a8883587677 (pbk.)
=020  \\$a9788883587672 (pbk.)
=035  \\$a(OCoLC)100788637
=040  \\$aC3L$cC3L$dUk
=041  1\$aita$hmul
=042  \\$aukblsr
=082  14$a391$221
=245  00$aSemiotica della moda /$cMassimo Baldini (a cura di) ; testi di R. Barthes ... [et al.].
=260  \\$aRoma :$bLUISS University Press :$bArmando,$cc2005.
=300  \\$a222 p. ;$c24 cm.
=336  \\$atext$2rdacontent
=337  \\$aunmediated$2rdamedia
=338  \\$avolume$2rdacarrier
=490  0\$aI linguaggi della comunicazione
=500  \\$aAnthology of texts by various authors, now in Italian translation.
=500  \\$aElectronic ed. avail. at the URL: http: / / digital.casalini. it/ 8883587677.
=504  \\$aIncludes bibliographical references.
=650  \0$aFashion$xSocial aspects.
=700  1\$aBaldini, Massimo.
=700  1\$aBarthes, Roland.
=852  41$aBritish Library$bHMNTS$jYF.2009.a.3936
=856  42$uhttp://digital.casalini.it/8883587677
=CAT  \\$a11375$b40$c20080902$lBLL01$h1502
=CAT  \\$a7483$b40$c20090211$lBLL01$h1305
=CAT  \\$aW2308-1659$c20230923$lBLL01$h1128
=FIN  \\$aY$d20090211
=FMT  \\$a  BK
=LAS  \\$aW2308-1659$b00$c20230923$lBLL01$h1128
=SID  \\$aZ39$bOCLC

