=LDR  01682cam a2200457 a 4500
=001  014707425
=003  Uk
=005  20091029130433.0
=008  070402s2006\\\\it\\\\\\\b\\\\100\0\ita\d
=020  \\$a8884534828 (pbk.)
=020  \\$a9788884534828 (pbk.)
=035  \\$a(OCoLC)122259569
=040  \\$aC3L$beng$cC3L$dUk
=042  \\$aukblsr
=043  \\$ae-it---
=045  \\$ax4x-
=082  14$a370$221
=245  00$aFormazione e società della conoscenza :$bstorie, teorie, professionalità : atti del convegno di studi, Firenze, 9-10 novembre 2004 /$ca cura di Giulia Di Bello.
=260  \\$aFirenze :$bFirenze University Press,$cc2006.
=300  \\$axiii, 246 p. ;$c24 cm.
=336  \\$atext$2rdacontent
=337  \\$aunmediated$2rdamedia
=338  \\$avolume$2rdacarrier
=490  0\$a80. anniversario 1924-2004 / Università degli studi di Firenze ;$v10
=500  \\$aElectronic ed. also avail. at the URL: http: / / digital.casalini. it/ / 888453481X.
=504  \\$aIncludes bibliographical references.
=650  \0$aEducation, Higher$xAims and objectives$vCongresses.
=650  \0$aEducation, Higher$xPhilosophy$vCongresses.
=650  \0$aKnowledge$vCongresses.
=700  1\$aDi Bello, Giulia.
=710  2\$aUniversità di Firenze.
=852  41$aBritish Library$bHMNTS$jYF.2009.a.32300
=856  42$uhttp://digital.casalini.it/888453481X
=CAT  \\$a11375$b40$c20080902$lBLL01$h1559
=CAT  \\$a7483$b40$c20091029$lBLL01$h1304
=CAT  \\$aBATCH-UPD$b40$c20130507$lBLL01$h0054
=CAT  \\$aW2308-1659$c20230923$lBLL01$h1128
=FIN  \\$aY$d20091029
=FMT  \\$a  BK
=LAS  \\$aW2308-1659$b00$c20230923$lBLL01$h1128
=SID  \\$aZ39$bOCLC

