=LDR  01583cam a22004454a 4500
=001  014773665
=003  Uk
=005  20090611150715.0
=008  080325s2006\\\\it\a\\\\\b\\\\001\0\ita\\
=010  \\$a2008410355
=020  \\$a9788854807723 (pbk.)
=020  \\$a8854807729 (pbk.)
=035  \\$a(OCoLC)0213458046
=035  \\$a(ItFiC)it07617674
=040  \\$aDLC$cDLC$dUk
=042  \\$aukblsr
=100  1\$aScartabellati, Andrea.
=245  10$aPrometeo inquieto :$bTrieste 1855-1937 : l'economia, la povertà e la modernità oltre l'immagine della città della letteratura /$cAndrea Scartabellati.
=250  \\$a1. ed.
=260  \\$aRoma :$bAracne,$c2006.
=300  \\$a306 p. :$bill. ;$c30 cm.
=336  \\$atext$2rdacontent
=337  \\$aunmediated$2rdamedia
=338  \\$avolume$2rdacarrier
=500  \\$a"A11/179"--Ser. t.p.
=504  \\$aIncludes bibliographical references and index.
=650  \0$aPoverty$zItaly$zTrieste$xHistory$y19th century.
=650  \0$aPoverty$zItaly$zTrieste$xHistory$y20th century.
=650  \0$aIndustrialization$zItaly$zTrieste.
=651  \0$aTrieste (Italy)$xEconomic conditions$y19th century.
=651  \0$aTrieste (Italy)$xEconomic conditions$y20th century.
=852  41$aBritish Library$bHMNTS$jYF.2009.b.1555
=856  42$uhttp://digital.casalini.it/8854807729
=CAT  \\$a11375$b40$c20081008$lBLL01$h1651
=CAT  \\$a12640$b40$c20090611$lBLL01$h1507
=CAT  \\$aW2308-1659$c20230923$lBLL01$h1130
=FIN  \\$aY$d20090611
=FMT  \\$a  BK
=LAS  \\$aW2308-1659$b00$c20230923$lBLL01$h1130
=SID  \\$aZ39$bLOC

