=LDR  01675cam a22004937a 4500
=001  014774388
=003  Uk
=005  20081110114359.0
=008  080317s2006\\\\it\\\\\\\\\\\\001\0\ita\d
=020  \\$a9788854806894
=020  \\$a8854806897
=035  \\$a(OCoLC)213458043
=040  \\$aC3L$cC3L$dUk
=042  \\$aukblderived
=043  \\$ae-uk---
=045  \\$av0w1
=082  14$a192$221
=100  1\$aGraziani, Enrico.
=245  10$aOrdine e libertà :$bl'autorità del tempo in Edmund Burke /$cEnrico Graziani.
=250  \\$a1. ed Aracne.
=260  \\$aRoma :$bAracne,$c2006.
=300  \\$a158 p. ;$c24 cm.
=336  \\$atext$2rdacontent
=337  \\$aunmediated$2rdamedia
=338  \\$avolume$2rdacarrier
=490  1\$aPassato e presente ;$v13
=500  \\$aFirst ed. 1992 by Centro per la filosofia italiana.
=500  \\$aE. Burke (1729-1797), philosopher and statesman.
=500  \\$aE. Graziani teaches at the Pontificia Università Urbaniana.
=500  \\$aElectronic ed. avail. at the URL: http: / / digital.casalini.it/ 8854806897.
=504  \\$aIncludes bibliographical references.
=830  \0$aPassato e presente ;$v13.
=852  41$aBritish Library$bHMNTS$jYF.2008.a.37508
=856  42$uhttp://digital.casalini.it/8854806897
=CAT  \\$a11375$b40$c20081009$lBLL01$h1601
=CAT  \\$a5703$b40$c20081110$lBLL01$h1143
=CAT  \\$aBATCH$b00$c20091217$lBLL01$h0536
=CAT  \\$aBATCH$b00$c20100103$lBLL01$h1327
=CAT  \\$aW2308-1659$c20230923$lBLL01$h1130
=CAT  \\$aBATCH-UPD$b00$c20230926$lBLL01$h2029
=FIN  \\$aY$d20081110
=FMT  \\$a  BK
=LAS  \\$aBATCH-UPD$b00$c20230926$lBLL01$h2029
=SID  \\$aZ39$bOCLC

