=LDR  01549cam a2200433 a 4500
=001  014790436
=003  Uk
=005  20090708180343.0
=008  080908s2005\\\\it\ab\\\\b\\\\101\0\ita\d
=020  \\$a9788887298963 (pbk.)
=020  \\$a8887298963 (pbk.)
=035  \\$a(OCoLC)246915783
=040  \\$aC3L$cC3L$dUk
=041  0\$aita$aeng
=042  \\$aukblsr
=045  \\$av0w1$aw1w9$ax0x4$ax4x-
=082  14$a609$221
=245  00$aPolitiche della tecnica :$bimmagini, ideologie, narrazioni /$ca cura di Michela Nacci.
=260  \\$aGenova :$bName,$c2005.
=300  \\$a290 p. :$bill., maps ;$c21 cm.
=336  \\$atext$2rdacontent
=337  \\$aunmediated$2rdamedia
=338  \\$avolume$2rdacarrier
=490  0\$aStoria delle idee e delle istituzioni politiche, Età contemporanea : studi e testi. Sezione Studi ;$v10
=500  \\$aPapers presented to a congress, L'Aquila, 2002.
=504  \\$aIncludes bibliographical references and index.
=546  \\$aText in Italian with passages in English.
=650  \0$aTechnology$xPolitical aspects$xHistory$vCongresses.
=650  \0$aTechnology$xSocial aspects$xHistory$vCongresses.
=700  1\$aNacci, Michela,$d1954-
=852  41$aBritish Library$bHMNTS$jYF.2009.a.20245
=856  42$uhttp://digital.casalini.it/8887298963
=CAT  \\$a10926$b40$c20081030$lBLL01$h1425
=CAT  \\$a12640$b40$c20090708$lBLL01$h1803
=CAT  \\$aW2308-1659$c20230923$lBLL01$h1131
=FIN  \\$aY$d20090708
=FMT  \\$a  BK
=LAS  \\$aW2308-1659$b00$c20230923$lBLL01$h1131
=SID  \\$aZ39$bOCLC

