=LDR  01613cam a22004697a 4500
=001  014888524
=003  Uk
=005  20090127135533.0
=008  060814s2005\\\\it\\\\\\\b\\\\001\0\ita\d
=020  \\$a9788887298949
=020  \\$a8887298947
=035  \\$a(OCoLC)70894179
=040  \\$aC3L$cC3L$dNDD$dUk
=042  \\$aukblderived
=043  \\$ae------
=045  \\$av0w1$aw1w9$ax0x4$ax4x-
=050  \4$aHX73$b.B455 2005
=082  14$a320$221
=100  10$aBellinazzi, Paolo,$d1942-
=245  10$aSarete come Dio :$ble origini metafisiche del pensiero comunista e nazi-fascista /$cPaolo Bellinazzi.
=260  \\$aGenova :$bName,$c2005.
=300  \\$a565 p. ;$c21 cm.
=336  \\$atext$2rdacontent
=337  \\$aunmediated$2rdamedia
=338  \\$avolume$2rdacarrier
=490  0\$aStoria delle idee e delle istituzioni politiche, Età contemporanea ;$v8
=500  \\$aElectronic ed. avail. at the URL: http: / / digital. casalini.it/ 8887298947.
=504  \\$aIncludes bibliographical references and index.
=504  \\$aIncludes bibliographical references.
=650  \0$aCommunism$xPhilosophy.
=650  \0$aNational socialism$xPhilosophy.
=650  \0$aFascism$xPhilosophy.
=852  41$aBritish Library$bHMNTS$jYF.2009.a.2825
=856  42$uhttp://digital.casalini.it/8887298947
=CAT  \\$a8197$b40$c20090127$lBLL01$h1353
=CAT  \\$a8197$b40$c20090127$lBLL01$h1355
=CAT  \\$aW2308-1659$c20230923$lBLL01$h1134
=CAT  \\$aBATCH-UPD$b00$c20230926$lBLL01$h2319
=FIN  \\$aY$d20090127
=FMT  \\$a  BK
=LAS  \\$aBATCH-UPD$b00$c20230926$lBLL01$h2319
=SID  \\$aZ39$bOCLC

