=LDR  01617cam a2200481 a 4500
=001  014908346
=003  Uk
=005  20090904122130.0
=008  081222s2006\\\\it\a\\\\\b\\\\000\0dita\d
=020  \\$a9788854808478 (pbk.)
=020  \\$a8854808474 (pbk.)
=035  \\$a(OCoLC)290423279
=040  \\$aC3L$cC3L$dUk
=041  0\$aita$afre
=042  \\$aukblsr
=043  \\$ae-fr---
=045  \\$ax0x4$ax4x-
=082  14$a843$221
=100  10$aLa Barbera, Maria Antonietta.
=245  10$aScrittura e presenza :$bsulle tracce di Georges Bernanos e Jean Sulivan /$cMaria Antonietta La Barbera.
=250  \\$a1. ed.
=260  \\$aRoma :$bAracne,$c2006$g(2007 printing)
=300  \\$a239 p. :$bill. ;$c25 cm.
=336  \\$atext$2rdacontent
=337  \\$aunmediated$2rdamedia
=338  \\$avolume$2rdacarrier
=500  \\$aAlready published writings, now slightly rev.
=500  \\$a"I ristampa aggiornata"--T.p. verso.
=500  \\$a"A10/213"--Ser. t.p.
=504  \\$aIncludes bibliographical references.
=546  \\$aText in Italian and French.
=600  10$aBernanos, Georges,$d1888-1948$xCriticism and interpretation.
=600  10$aSulivan, Jean$xCriticism and interpretation.
=852  41$aBritish Library$bHMNTS$jYF.2009.a.25315
=856  42$uhttp://digital.casalini.it/8854808474
=CAT  \\$a8197$b40$c20090217$lBLL01$h1530
=CAT  \\$a12640$b40$c20090904$lBLL01$h1221
=CAT  \\$aBATCH-UPD$b40$c20190718$lBLL01$h2119
=CAT  \\$aW2308-1659$c20230923$lBLL01$h1135
=FIN  \\$aY$d20090904
=FMT  \\$a  BK
=LAS  \\$aW2308-1659$b00$c20230923$lBLL01$h1135
=SID  \\$aZ39$bOCLC

