=LDR  01535 am a2200457 a 4500
=001  014941274
=003  Uk
=005  20090602141238.0
=008  090119s2007\\\\it\ab\\\\b\\\\000\0\ita\\
=010  \\$a2009402612
=020  \\$a9788849129748 (pbk.)
=020  \\$a8849129742 (pbk.)
=035  \\$a(DLC)15650523
=035  \\$a(DLC)2009402612
=035  \\$a(ItFiC)it08919511
=040  \\$aDLC$cDLC$dUk
=042  \\$aukblsr
=043  \\$ae-it---
=050  00$aHJ9500.B6$bS495 2007
=100  1\$aSmurra, Rosa.
=245  10$aCittà, cittadini e imposta diretta a Bologna alla fine del Duecento :$bricerche preliminari /$cRosa Smurra.
=260  \\$aBologna :$bCLUEB,$cc2007.
=300  \\$a206 p. :$bill., maps ;$c24 cm.
=336  \\$atext$2rdacontent
=337  \\$aunmediated$2rdamedia
=338  \\$avolume$2rdacarrier
=490  0\$aHeuresis. IX, Sezione di scienze storiche
=504  \\$aIncludes bibliographical references (p. 195-203).
=530  \\$aAlso available via the Internet.
=650  \0$aFinance, Public$zItaly$zBologna$xHistory$yTo 1500.
=650  \0$aTaxation$zItaly$zBologna$xHistory$yTo 1500.
=651  \0$aBologna (Italy)$xEconomic conditions.
=852  41$aBritish Library$bHMNTS$jYF.2009.a.17459
=856  42$uhttp://digital.casalini.it/9788849129748
=CAT  \\$a8565$b40$c20090327$lBLL01$h1353
=CAT  \\$a8565$b40$c20090327$lBLL01$h1354
=CAT  \\$a5521$b40$c20090602$lBLL01$h1412
=FIN  \\$aY$d20090602
=FMT  \\$a  BK
=LAS  \\$a5521$b40$c20090602$lBLL01$h1412
=SID  \\$aZ39$bLOC

