=LDR  02791cam a22006017i 4500
=001  020643274
=003  Uk
=005  20220615122053.0
=008  201203t20212021it\ab\\\\b\\\\001\0\fre\d
=020  \\$a9782728314706$q(paperback)
=020  \\$z9782728314713$qEpub
=035  \\$a(OCoLC)1242402493
=040  \\$aAUXAM$beng$cAUXAM$dBUF$dOCLCO$dNARDE$dPAU$dOCLCO$dOCLCF$dZCU$dC3L$dOCLCO$dIPS$dOCLCO$dOHX$dUk$erda
=042  \\$aukblcatcopy
=050  \4$aBR430$b.T38 2021
=082  04$a274$223
=100  1\$aTatarenko, Laurent,$eauthor.
=245  14$aUne réforme orientale à l'âge baroque :$bles Ruthènes de la grande-principauté de Lituanie et Rome au temps de l'Union de Brest (milieu du XVIe siècle-milieu du XVIIe siècle) /$cpar Laurent Tatarenko.
=264  \1$aRome :$bÉcole Française de Rome,$c2021.
=264  \4$c©2021
=300  \\$axi, 645 pages :$billustrations (some color), maps ;$c24 cm.
=336  \\$atext$btxt$2rdacontent
=337  \\$aunmediated$bn$2rdamedia
=338  \\$avolume$bnc$2rdacarrier
=490  1\$aBibliothèque des écoles françaises d'Athènes et de Rome ;$vfascicule 392
=500  \\$aRevision of the author's thesis (doctoral)--Université de Paris I: Panthéon-Sorbonne and Katolicki Uniwersytet Lubelski, 2014, which was presented under the title: Discordia concordans. Les Ruthènes de la grande-principauté de Lituanie au temps de l'Union deBrest (milieu du XVIe siècle - milieu du XVIIe siècle).
=504  \\$aIncludes bibliographical references (pages 583-622) and indexes.
=530  \\$aAlso published electronically.
=610  20$aOrthodox Eastern Church$xRelations$xCatholic Church.
=610  20$aCatholic Church$xRelations$xOrthodox Eastern Church.
=610  26$aÉglise orthodoxe$xRelations$xÉglise catholique.
=610  26$aÉglise catholique$xRelations$xÉglise orthodoxe.
=630  00$aUnion of Brest$d(1596)
=650  \0$aCounter-Reformation.
=650  \0$aRuthenians.
=650  \6$aContre-Réforme.
=650  \6$aRuthènes.
=650  \7$aCounter-Reformation.$2aat
=650  \7$aCounter-Reformation.$2fast$0(OCoLC)fst00881307
=650  \7$aRuthenians.$2fast$0(OCoLC)fst01102572
=651  \0$aLithuania$xChurch history.
=651  \0$aPoland$xChurch history.
=651  \6$aPologne$xHistoire religieuse.
=655  \7$aHistory.$2fast$0(OCoLC)fst01411628
=830  \0$aBibliothèque des écoles françaises d'Athènes et de Rome ;$vfasc. 392.
=852  41$aBritish Library$bHMNTS$jYF.2022.a.12670
=856  41$uhttp://digital.casalini.it/9782728314706
=CAT  \\$a11029$b40$c20220615$lBLL01$h1220
=CAT  \\$aW2308-1659$c20230923$lBLL01$h1137
=FIN  \\$aY$d20220615
=FMT  \\$a  BK
=LAS  \\$aW2308-1659$b00$c20230923$lBLL01$h1137
=SID  \\$aZ39$bOCLC

