=LDR  02908cam a22005417i 4500
=001  020643276
=003  Uk
=005  20220615122526.0
=008  210723t20212021it\ab\\\\b\\\\001\0\fre\d
=020  \\$a9782728314492$q(paperback)
=020  \\$z9782728314508$qEPub
=035  \\$a(OCoLC)1261309733
=040  \\$aPAU$beng$cPAU$dOCLCO$dOCLCF$dBUF$dAUXAM$dC3L$dNARDE$dVA@$dIPS$dYDX$dGUA$dOCLCO$dOHX$dUk$erda
=042  \\$aukblcatcopy
=043  \\$ae-it---$aed-----
=050  \4$aD5$b.B4 fasc.390
=082  04$a945$a949$223
=100  1\$aJesné, Fabrice,$d1979-$eauthor.
=245  13$aLa face cachée de l'empire :$bl'Italie et les Balkans, 1861-1915 /$cpar Fabrice Jesné.
=264  \1$a[Rome] :$bÉcole Française de Rome,$c2021.
=264  \4$c©2021
=300  \\$ax, 603 pages :$billustrations (3 color), maps ;$c24 cm.
=336  \\$atext$btxt$2rdacontent
=337  \\$aunmediated$bn$2rdamedia
=338  \\$avolume$bnc$2rdacarrier
=490  1\$aBibliothèque des écoles françaises d'Athènes et de Rome ;$vfascicule 390
=504  \\$aIncludes bibliographical references (pages 523-574) and indexes.
=505  20$tIntroduction --$gChapter 1.$tLes années 1860: des rèves cavouriens à la prudence --$gChapter 2.$tL'Italie et la crise d'Orient (1875-1881). La politique des mains nettes à l'épreuve --$gChapter 3.$tLes usages politiques des questions balkaniques sur la scène intérieure italienne --$gChapter 4.$tLa politique balkanique de la consulta de la triple alliance à Adoua (1881-1896) --$gChapter 5.$tScience et Balkans, entre soft power et idéologie --$gChapter 6.$tUn impérialisme humanitaire? --$gChapter 7.$tLa politique balkanique italienne, du recueillement à la pénétration pacifique (1896-1912) --$gChapter 8.$t1912-1915, les Balkans et l'empire italien naissant --$tEpilogue. La genèse des revendications territoriales de 1915.
=530  \\$aAlso published electronically.
=648  \7$a1870-1914$2fast
=650  \7$aDiplomatic relations.$2fast$0(OCoLC)fst01907412
=651  \0$aItaly$xForeign relations$zBalkan Peninsula.
=651  \0$aBalkan Peninsula$xForeign relations$zItaly.
=651  \0$aItaly$xForeign relations$y1870-1914.
=651  \6$aItalie$xRelations extérieures$zBalkans.
=651  \6$aBalkans$xRelations extérieures$zItalie.
=651  \6$aItalie$xRelations extérieures$y1870-1914.
=651  \7$aBalkan Peninsula.$2fast$0(OCoLC)fst01241484
=651  \7$aItaly.$2fast$0(OCoLC)fst01204565
=830  \0$aBibliothèque des écoles françaises d'Athènes et de Rome ;$vfasc. 390.
=852  41$aBritish Library$bHMNTS$jYF.2022.a.12672
=856  41$uhttp://digital.casalini.it/9782728314492
=CAT  \\$a11029$b40$c20220615$lBLL01$h1225
=CAT  \\$aW2308-1659$c20230923$lBLL01$h1137
=FIN  \\$aY$d20220615
=FMT  \\$a  BK
=LAS  \\$aW2308-1659$b00$c20230923$lBLL01$h1137
=SID  \\$aZ39$bOCLC

