=LDR  01756cam a22004217i 4500
=001  020643296
=003  Uk
=005  20220615130155.0
=008  210427s2021\\\\it\af\\\\b\\\\001\0\fre\d
=010  \\$a  2021358012
=020  \\$a9782728314478$q(paperback)
=020  \\$a2728314470$q(paperback)
=020  \\$z9782728314485$q(EPub)
=035  \\$a(OCoLC)on1242402997
=040  \\$aAUXAM$beng$cAUXAM$dC3L$dBUF$dOCLCO$dNARDE$dPAU$dOCLCO$dOCLCF$dHTV$dYDX$dDLC$dUk$erda
=042  \\$aukblcatcopy
=050  00$aBX958.T7$bM67 2021
=100  1\$aMorvan, Haude,$eauthor.
=245  10$a"Sous les pas des frères" :$bles sépultures de papes et de cardinaux chez les Mendiants au XIIIe siècle /$cpar Haude Morvan.
=264  \1$a[Rome] :$bÉcole française de Rome,$c2021.
=300  \\$a300 pages, 16 unnumbered pages of plates :$billustrations (some color) ;$c24 cm.
=336  \\$atext$btxt$2rdacontent
=337  \\$aunmediated$bn$2rdamedia
=338  \\$avolume$bnc$2rdacarrier
=490  1\$aBibliothèque des écoles françaises d'Athènes et de Rome,$x0257-4101 ;$vfascicule trois cent quatre-vingt-neuf
=504  \\$aIncludes bibliographical references (pages 253-287) and index.
=610  20$aCatholic Church$xBishops$xHistory$y13th century.
=610  20$aCatholic Church$xClergy$y13th century.
=650  \0$aPopes$xTombs.
=830  \0$aBibliothèque des écoles françaises d'Athènes et de Rome ;$vfascicule 389.
=852  41$aBritish Library$bHMNTS$jYF.2022.a.12674
=856  41$uhttp://digital.casalini.it/9782728314478
=CAT  \\$a11029$b40$c20220615$lBLL01$h1301
=CAT  \\$aW2308-1659$c20230923$lBLL01$h1137
=FIN  \\$aY$d20220615
=FMT  \\$a  BK
=LAS  \\$aW2308-1659$b00$c20230923$lBLL01$h1137
=SRC  \\$aBLL02

