=LDR  03193cam a22006017i 4500
=001  020662554
=003  Uk
=005  20220630095857.0
=008  220604s2022\\\\sp\a\\\\\b\\\\000\0\spa\d
=016  7\$a1257705865$2DE-101
=020  \\$a9783968692746$qVervuert$qpaperback
=020  \\$a3968692748$qVervuert$qpaperback
=020  \\$a9788491922711$qIberoamericana$qpaperback
=020  \\$a8491922717$qIberoamericana$qpaperback
=020  \\$z9783968692753$qebook
=024  3\$a9788491922711
=024  3\$a9783968692746
=035  \\$a(OCoLC)1324234644
=040  \\$aOHX$beng$cOHX$dC3L$dLGG$dUk$erda
=042  \\$aukblcatcopy
=050  \4$aPC
=050  04$aP121$b.C665 2022
=072  \7$aPC$2lcco
=082  14$a465$214
=245  00$aConfiguración informativa y estructuración lingüística :$bevidencialidad, intersubjetividad y miratividad /$cSusana Rodríguez Rosique, José Luis Cifuentes Honrubia (eds.).
=264  \1$aMadrid :$bIberoamericana ;$aFrankfurt am Main :$bVervuert,$c2022.
=300  \\$a251 pages :$bsome illustrations ;$c23 cm.
=336  \\$atext$btxt$2rdacontent
=337  \\$aunmediated$bn$2rdamedia
=338  \\$avolume$bnc$2rdacarrier
=490  1\$aLingüistica iberoamericana ;$vvol. 88
=504  \\$aIncludes bibliographical references.
=520  \\$aAborda las relaciones entre los diferentes estratos de información que determinan la manera de ver el mundo que poseen los hablantes y la fotografía lingüística que, en forma de estructura gramatical, captan las lenguas de este entramado de conocimiento. El libro se basa en aportaciones teóricas tradicionalmente vinculadas con la estructura informativa, pero aprovecha también el reciente desarrollo discursivo de categorías nuevas, como la evidencialidad -progresivamente desplazada al ámbito de la interacción-, y su hermana gemela, la miratividad. Estas propuestas se ejemplifican en casos concretos del español o en su contraste con otras lenguas románicas; en ocasiones, se aborda también el influjo de las lenguas amerindias. Los capítulos se han dispuesto siguiendo un orden pendular que oscila entre el extremo representado por la información asumida y el extremo constituido por la información que nos sorprende. El resultado es un análisis abarcador de cómo la forma que adoptan nuestros enunciados revela nuestro modo de ver el mundo y de ver al otro.
=650  \0$aLinguistics.
=650  \0$aGenerative grammar.
=650  \0$aCognitive grammar.
=650  \0$aSpanish language$xVariation.
=650  \2$aLinguistics.
=650  \6$aLinguistique.
=650  \6$aGrammaire générative.
=650  \6$aGrammaire cognitive.
=650  \6$aEspagnol (Langue)$xVariation.
=650  \7$alinguistics.$2aat
=776  08$ie-book version$z9783968692753
=830  \0$aLingüística iberoamericana ;$vvol. 88.
=852  41$aBritish Library$bHMNTS$jYF.2022.a.14108
=856  41$uhttp://digital.casalini.it/9783968692753
=CAT  \\$a11029$b40$c20220630$lBLL01$h0958
=CAT  \\$aW2308-1659$c20230923$lBLL01$h1137
=FIN  \\$aY$d20220630
=FMT  \\$a  BK
=LAS  \\$aW2308-1659$b00$c20230923$lBLL01$h1137
=SID  \\$aZ39$bOCLC

