=LDR  01821cam a2200445 i 4500
=001  020748944
=003  Uk
=005  20220917121633.0
=008  220526s2022\\\\it\a\\\\cb\\\\000\0\ita\d
=020  \\$a9788859622604
=020  \\$a8859622603
=035  \\$a(OCoLC)1322089164
=040  \\$aNARDE$beng$cNARDE$dC3L$dHTV$dUk$erda
=042  \\$aukblderived
=050  \4$aND623.M43$bA72 2022
=082  14$a750
=245  00$aMasaccio e i maestri del Rinascimento a confronto :$bper celebrare 600 anni del Trittico di San Giovenale /$ca cura di Angelo Tartuferi, Lucia Bencistà, Nicoletta Matteuzzi.
=260  \\$aFirenze :$bEdizioni Polistampa,$c[2022]
=300  \\$a174 pages :$billustrations (some color) ;$c24 cm
=336  \\$atext$btxt$2rdacontent
=336  \\$astill image$bsti$2rdacontent
=337  \\$aunmediated$bn$2rdamedia
=338  \\$avolume$bnc$2rdacarrier
=500  \\$aCatalog of an exhibtion held at the Museo Masaccio d'Arte Sacra, Reggello, Italy, April 23-October 23, 2022.
=504  \\$aIncludes bibliographical references (pages 165-174).
=600  00$aMasaccio,$d1401-1428.$tSan Giovenale altarpiece$vExhibitions.
=650  \0$aPainting, Italian$zItaly$zFlorence$vExhibitions.
=650  \0$aPainting, Gothic$zItaly$zFlorence$vExhibitions.
=650  \0$aPainting, Renaissance$zItaly$zFlorence$vExhibitions.
=700  1\$aTartuferi, Angelo,$eeditor.
=700  1\$aMatteuzzi, Nicoletta,$eeditor.
=700  1\$aBencistà, Lucia,$eeditor.
=710  2\$aMuseo Masaccio d'arte sacra (Reggello, Italy),$ehost institution.
=852  41$aBritish Library$bHMNTS$jYF.2022.a.22427
=856  41$uhttp://digital.casalini.it/9788859622604
=CAT  \\$a11002$b40$c20220917$lBLL01$h1216
=FIN  \\$aY$d20220917
=FMT  \\$a  BK
=LAS  \\$a11002$b40$c20220917$lBLL01$h1216
=SID  \\$aZ39$bOCLC

