=LDR  02589cam a2200565 i 4500
=001  020781149
=003  Uk
=005  20230807083216.0
=008  220711s2022\\\\it\af\\\\ab\\\001\0\ita\d
=020  \\$a9788822268280$qhardback
=020  \\$a8822268288
=035  \\$a(OCoLC)1343693174
=040  \\$aC3L$beng$cC3L$dHTV$dOCLCF$dC3L$erda
=041  1\$aita$aeng$beng$meng
=042  \\$aukblcatcopy
=043  \\$ae-it---
=050  \4$aND
=050  \4$aND623.G5$bK5716 2022
=082  14$a759$214
=100  1\$aKirkendale, Ursula,$eauthor.
=245  13$aLa "Tempesta" di Giorgione e il suo programma iconologico derivato dalla Teogonia di Esiodo :$bil poeta, Amalthea, Zeus bambino e le muse /$cUrsula e Warren Kirkendale ; miscellanea with a new appendix, Three monographs on Giorgione's "Tempest", Two attempts and the solution to its enigma, 1978, 2015/2022, and 2019 ; revisione di Warren Kirkendale ; traduzione di Gioia Filocamo.
=264  \1$aFirenze :$bLeo S. Olschki editore,$c2022.
=300  \\$a175 pages, 16 unnumbered pages of plates :$billustrations (chiefly color) ;$c22 cm.
=336  \\$atext$btxt$2rdacontent
=337  \\$aunmediated$bn$2rdamedia
=338  \\$avolume$bnc$2rdacarrier
=490  1\$aPocket library of studies in art,$x0079-242X ;$vXLII
=500  \\$aFirst publ. 2015 in English with the title Hesiod's Theogony as source of the iconological program of Giorgione's "Tempesta", now updated and enlarged.
=504  \\$aIncludes bibliographical references (pages 149-162) and indexes.
=546  \\$aText in Italian; abstract in English; includes appendix with one text in Italian and English and one text in English.
=600  00$aGiorgione,$d1477 or 1478-1510.$tTempest.
=600  00$aHesiod.$tTheogony.
=630  07$aTempest (Giorgione)$2fast$0(OCoLC)fst01356408
=630  07$aTheogony (Hesiod)$2fast$0(OCoLC)fst01360277
=650  \0$aMythology, Greek, in art.
=650  \7$aMythology, Greek, in art.$2fast$0(OCoLC)fst01031813
=700  1\$aKirkendale, Warren,$eauthor.
=700  1\$aFilocamo, Gioia,$etranslator.
=830  \0$aPocket library of "studies" in art ;$v42.
=852  41$aBritish Library$bHMNTS$jWP.1808/42
=856  41$uhttp://digital.casalini.it/9788822285126
=CAT  \\$a15954$b40$c20221019$lBLL01$h1342
=CAT  \\$a15954$b40$c20221019$lBLL01$h1343
=CAT  \\$aBATCH-ROF$b00$c20221022$lBLL01$h1731
=CAT  \\$a15066$b40$c20230807$lBLL01$h0832
=CAT  \\$a15066$b40$c20230807$lBLL01$h0832
=FIN  \\$aY$d20230807
=FMT  \\$a  BK
=LAS  \\$a15066$b40$c20230807$lBLL01$h0832
=SID  \\$aZ39$bOCLC

