=LDR  01556cam a2200433 i 4500
=001  020846795
=003  Uk
=005  20230308140617.0
=008  220708s2022\\\\it\\\\\\\b\\\\000\0dita\\
=010  \\$a  2022491586
=020  \\$a9791220501132
=035  \\$a(OCoLC)1346527860
=040  \\$aDLC$beng$cDLC$dDEBBG$dC3L$dPUL$dUk$erda
=042  \\$aukblderived
=043  \\$ae-sz---$ae-it---
=050  00$aDQ49.I9$bC37 2022
=100  1\$aCaso, Mario,$d1989-$einterviewer.
=245  10$aStorie oltre frontiera :$binterviste ad italiani emigrati in Svizzera /$cMario Caso.
=264  \1$aCosenza, Italy :$bLuigi Pellegrini editore,$c[2022]
=300  \\$a254 pages ;$c20 cm.
=336  \\$atext$btxt$2rdacontent
=337  \\$aunmediated$bn$2rdamedia
=338  \\$avolume$bnc$2rdacarrier
=490  0\$aCollana Le interviste
=504  \\$aIncludes bibliographical references (page 249).
=650  \0$aItalians$zSwitzerland$vInterviews.
=650  \0$aItalians$zSwitzerland$xSocial conditions$y20th century.
=650  \0$aItalians$zSwitzerland$xSocial conditions$y21st century.
=651  \0$aSwitzerland$xEmigration and immigration.
=651  \0$aItaly$xEmigration and immigration.
=852  41$aBritish Library$bHMNTS$jYF.2023.a.5549
=856  41$uhttp://digital.casalini.it/9791220501132
=CAT  \\$aCASALINI$b00$c20221222$lBLL01$h1332
=CAT  \\$aBATCH-UPD$b00$c20221222$lBLL01$h1332
=CAT  \\$a11002$b40$c20230308$lBLL01$h1406
=FIN  \\$aY$d20230308
=FMT  \\$a  BK
=LAS  \\$a11002$b40$c20230308$lBLL01$h1406
=SID  \\$aZ39$bOCLC

