=LDR  01887cam a2200529 i 4500
=001  020846883
=003  Uk
=005  20230413072805.0
=008  200924s2020\\\\it\\\\\\\b\\\\000\0\ita\d
=010  \\$a  2021355675
=020  \\$a9788855262941$qsoftbound
=020  \\$a8855262947
=035  \\$a(OCoLC)1232507090
=040  \\$aC3L$beng$cDLC$dUk$erda
=042  \\$aukblderived
=043  \\$ae-it---
=050  00$aML111$b.B57 2020
=082  14$a026$214
=245  03$aLe biblioteche dell'alta formazione musicale :$bprove di monitoraggio e valutazione /$ca cura di Giovanni Di Domenico ; con Anna Bilotta e Maria Senatore Polisetti.
=250  \\$aPrima edizione.
=264  \1$aMilano - Italy :$bLedizioni,$cluglio 2020.
=300  \\$a413 pages ;$c24 cm
=336  \\$atext$btxt$2rdacontent
=337  \\$aunmediated$bn$2rdamedia
=338  \\$avolume$bnc$2rdacarrier
=500  \\$aCollected essays, mostly already published.
=504  \\$aIncludes bibliographical references.
=650  \0$aMusic libraries$zItaly.
=650  \0$aMusic librarianship$zItaly.
=650  \6$aMusique$xBibliothèques$zItalie.
=650  \6$aBibliothéconomie musicale$zItalie.
=650  \7$aMusic librarianship.$2fast$0(OCoLC)fst01030569
=650  \7$aMusic libraries.$2fast$0(OCoLC)fst01030573
=651  \7$aItaly.$2fast$0(OCoLC)fst01204565
=700  1\$aDi Domenico, Giovanni,$d1952-$eeditor.
=700  1\$aBilotta, Anna.
=700  1\$aSenatore Polisetti, Maria.
=852  41$aBritish Library$bHMNTS$jYF.2023.a.8408
=856  41$uhttp://digital.casalini.it/9788855262941
=CAT  \\$aCASALINI$b00$c20221222$lBLL01$h1332
=CAT  \\$aBATCH-UPD$b00$c20221222$lBLL01$h1332
=CAT  \\$a11131$b40$c20230412$lBLL01$h0756
=CAT  \\$a11131$b40$c20230413$lBLL01$h0728
=FIN  \\$aY$d20230413
=FMT  \\$a  BK
=LAS  \\$a11131$b40$c20230413$lBLL01$h0728
=SID  \\$aZ39$bOCLC

