=LDR  01694cam a22004697a 4500
=001  020858129
=003  Uk
=005  20230415172934.0
=008  200915s2020\\\\it\\\\\\\b\\\\000\0\ita\d
=020  \\$a8895844866
=020  \\$a9788895844862
=035  \\$a(OCoLC)1222203146
=040  \\$aC3L$beng$cC3L$dOCLCO$dC3L$dEQO$dOCLCF$dUk
=042  \\$aukblderived
=050  \4$aTS
=082  14$a686$214
=100  1\$aRequeno y Vives, Vicente,$d1743-1811.
=245  10$aOsservazioni sulla chirotipografia ossia antica arte di stampare a mano /$cVincenzo Requeno ; premessa di Edoardo Barbieri ; a cura di Antonio Castronuovo.
=250  \\$a1. ed.
=260  \\$aMacerata :$bBiblohaus,$c2020.
=300  \\$a153 p. ;$c21 cm.
=336  \\$atext$2rdacontent
=337  \\$aunmediated$2rdamedia
=338  \\$avolume$2rdacarrier
=500  \\$aFacs. repr. of the 1810 ed., now with a new preface.
=504  \\$aIncludes bibliographical references.
=650  \0$aPrinting$xHistory$xOrigin and antecedents.
=650  \0$aHand-printed books$xHistory.
=650  \7$aHand-printed books.$2fast$0(OCoLC)fst00950902
=650  \7$aPrinting$xOrigin and antecedents.$2fast$0(OCoLC)fst01076651
=655  \7$aHistory.$2fast$0(OCoLC)fst01411628
=700  1\$aCastronuovo, Antonio.
=852  41$aBritish Library$bHMNTS$jYF.2023.a.8423
=856  41$uhttp://digital.casalini.it/9788895844862
=CAT  \\$aCASALINI$b00$c20230109$lBLL01$h2024
=CAT  \\$a11131$b40$c20230412$lBLL01$h0852
=CAT  \\$a11131$b40$c20230413$lBLL01$h0750
=CAT  \\$aBATCH-ROF$b00$c20230415$lBLL01$h1729
=FIN  \\$aY$d20230413
=FMT  \\$a  BK
=LAS  \\$aBATCH-ROF$b00$c20230415$lBLL01$h1729
=SID  \\$aZ39$bOCLC

