=LDR  03064cam a2200529 i 4500
=001  020858405
=003  Uk
=005  20230211083708.0
=008  220308s2021\\\\sp\a\\\\\b\\\\000\0\spa\d
=020  \\$a9788413403267$qpdf
=020  \\$a841340326X
=020  \\$a9788413403250
=020  \\$a8413403251
=035  \\$a(OCoLC)1303270209$z(OCoLC)1291407458
=040  \\$aC3L$beng$cC3L$dTJC$dOCLCF$dOCLCO$dC3L$dUk$erda
=042  \\$aukblderived
=050  \4$aZ174.H8$bP43 2021
=082  14$a070$214
=100  1\$aPedraza Gracia, Manuel José,$d1959-$eauthor.
=245  14$aUna imprenta hispana del siglo XVII :$bel libro de cuentas de Pedro Bulsón y Juan Francisco Larumbe (Huesca, 1625-1671) /$cManuel José Pedraza Gracia.
=250  \\$aPrimera edición.
=264  \1$aZaragoza :$bPrensas de la Universidad de Zaragoza,$c2021.
=300  \\$a577 pages :$billustrations ;$c22 cm.
=336  \\$atext$btxt$2rdacontent
=337  \\$aunmediated$bn$2rdamedia
=338  \\$avolume$bnc$2rdacarrier
=490  0\$aHumanidades ;$v169
=504  \\$aIncludes bibliographical references (475-491
=520  \\$aEsta investigación parte del estudio de un documento excepcional: el Libro de cuentas de Pedro Blusón y Juan Francisco Larumbe, que hasta la fecha es el más antiguo «libro de cuenta y razón» de una imprenta localizado en la Península. Para una mejor comprensión del documento y de su información se ha completado con la revisión y análisis de otras fuentes bibliográficas y archivísticas. La presente obra ofrece una panorámica de la imprenta en Huesca en la primera mitad del siglo XVII que puede ser un buen ejemplo del funcionamiento de un pequeño taller de la época, revelando qué se imprime, cómo se producen los impresos y libros, cómo se distribuyen, qué gastos e ingresos se obtienen, qué relaciones existen entre los diferentes profesionales del libro También permite conocer mejor a los protagonistas del libro y algunas de las facetas de su vida cotidiana. La imprenta de Pedro Blusón y Juan Francisco Larumbe es además la imprenta de la Universidad Sertoriana, por lo que su estudio ayuda a comprender mejor la actividad de los impresores de las universidades en el siglo XVII.
=648  \7$a1600-1699$2fast
=650  \0$aPrinting$zSpain$zHuesca$xHistory.
=650  \0$aPrinting$zSpain$xHistory$y17th century.
=650  \7$aPrinting.$2fast$0(OCoLC)fst01076612
=651  \0$aHuesca (Spain)$vImprints.
=651  \7$aSpain.$2fast$0(OCoLC)fst01204303
=651  \7$aSpain$zHuesca.$2fast$0(OCoLC)fst01207339
=655  \7$aBibliographies.$2fast$0(OCoLC)fst01919895
=655  \7$aHistory.$2fast$0(OCoLC)fst01411628
=852  41$aBritish Library$bHMNTS$jYF.2023.a.3263
=856  41$uhttp://digital.casalini.it/9788413403267
=CAT  \\$aCAS-SPAN$b00$c20230110$lBLL01$h1036
=CAT  \\$aBATCH-UPD$b00$c20230110$lBLL01$h1036
=CAT  \\$a11002$b40$c20230211$lBLL01$h0837
=FIN  \\$aY$d20230211
=FMT  \\$a  BK
=LAS  \\$a11002$b40$c20230211$lBLL01$h0837
=SID  \\$aZ39$bOCLC

