=LDR  05161cam a2200553 i 4500
=001  020937310
=003  Uk
=005  20230420075636.0
=008  221010t20222021sp\a\\\\\b\\\\000\0\spa\d
=020  \\$a9788498952681
=020  \\$a8498952689
=035  \\$a(OCoLC)1347785062
=040  \\$aC3L$beng$cC3L$dTEF$dGUA$dOCLCF$dC3L$dNOC$erda
=042  \\$aukblderived
=043  \\$ae-sp---
=050  \4$aBF1714.S65$bT67 2022
=082  14$a860$214
=245  00$aTorres Villarroel y los almanaques :$bliteratura, astrología y sociedad en el siglo XVIII /$cFernando Durán López y Ana Isabel Martín-Puya (eds.).
=264  \1$aMadrid :$bVisor Libros,$c[2022]
=264  \4$c©2021
=300  \\$a679 pages :$billustrations ;$c21 cm.
=336  \\$atext$btxt$2rdacontent
=337  \\$aunmediated$bn$2rdamedia
=338  \\$avolume$bnc$2rdacarrier
=490  1\$aBiblioteca filológica hispana ;$v268
=500  \\$aCollected essays.
=500  \\$aDiego de Torres Villarroel (1693-1770).
=504  \\$aIncludes bibliographical references.
=505  0\$aEl almanaque en el origen del perfil autorial de Torres Villarroel / Pedro Ruiz Pérez -- El almanaque de 1724: reconsideraciones sobre el pronóstico de la muerte de Luis I / Gernot Kamecke -- "Solórzano, mozo de ato y cartelero de las comedias en Madrid" dio estad comedias a Villarroel / Piedad Bolaños Donoso -- Torres Villarroel en 1738: astrología, versos y "el lector sobre todo" / Ignacio García Aguilar -- La astrología como aspecto temático y estilístico en los Juguetes de Talía de Torres Villarroel / Renata González Verdasco -- El Gran Astrólogo Andaluz, Gonzalo Antonio Serrano, en la astrología de su tiempo / Jesús María Galech Amillano -- "Todo médico es filósofo": reflexiones en torno a la edición crítica del Juicio final de la astrología / Jorge García López -- Conjunción con Marte: relaciones angulares entre Torres Villarrole, Feijoo y Martín Martínez / Xaime Martínez Menéndez -- .Insinuaciones a cierto apóstata satírico: nuevos datos sobre El Caballero del Sol en una carta de Torres Villarroel y dos pronósticos cordobeses / Cristina R. Martínez Torres -- A propósito del almanaque como menudencia: consideraciones en torno al género de cordel / Juan Gomis Coloma -- Piscatores e impresores: aproximación al sistema editorial de los almanaques en la primera mitad del XVIII / María Dolores Gimeno Puyol -- "Fueron mis pronósticos generalmente bien recibidos en la Hespaña": los anuncios de impresos de Torres Villarroel en la Gaceta de Madrid / Jean-Marc Buiguès -- La Gran Piscatora Aureliense, una pluma oculta bajo faldas de mujer; y la Pensadoa del Cielo, o la piscatora perseguida / Mayte Contreras Mira -- La "prohibición" de 1767, la censura y el fin de la época dorada del almanaque (1766-1800) / Fernando Durán López -- "La calle sonaba continuamente": los almanaques y la literatura de costumbres / Joaquín Álvarez Barrientos -- .Poesía judiciaria y diversión astrológica en los almanaques del siglo XVIII / Ana Isabel Martín-Puya -- Pronóstico el más cierto, y más breve: una metapronóstico enmascarado / Tania Padilla Aguilera -- Poesía nacionalista con motivo de la guerra de Marruecos en el Almanaque político y literario de la Iberia: "A España", de Manuel Fernández y González / Javier Muñoz de Morales Galiana -- Los calendarios tipo cartel: práctica mundial, tiempo universal / Ricardo Uribe -- Guerra en los astros: pronósticos y política en el Seiscientos hispánico / Eulàlia Miralles -- Astrología, bom gosto e crítica social en meados do século XVIII: os almanaques de Pai Daniel, "Os Preto astrológo" / Luís Miguel Carolino -- Almanaques en el área renana: el Hinkender Bost/Messager Boiteux / Susanne Greilich -- .El Piscator de las Damas de José Julián López de Castro (1753-1757): un análisis trascultural del primer almanaque para mujeres español / Claudia Lora Márquez -- De los pronósticos astrológicos a las antologías literarias: panorama de los almanaques en el siglo XIX / Davis Lovola López.
=600  10$aTorres Villarroel, Diego de,$d1693?-1770.
=600  17$aTorres Villarroel, Diego de,$d1693?-1770$2fast$0(OCoLC)fst00016093
=648  \7$a1700-1799$2fast
=650  \0$aAstrology, Spanish$xHistory$y18th century.
=650  \0$aAlmanacs, Spanish$xHistory$y18th century.
=650  \7$aAlmanacs, Spanish.$2fast$0(OCoLC)fst00805842
=650  \7$aAstrology, Spanish.$2fast$0(OCoLC)fst00819484
=655  \7$aHistory.$2fast$0(OCoLC)fst01411628
=700  1\$aDurán López, Fernando,$eeditor.
=700  1\$aMartín Puya, Ana Isabel,$eeditor.
=830  \0$aBiblioteca filológica hispana ;$v268.
=852  41$aBritish Library$bHMNTS$jYF.2023.a.9277
=856  41$uhttp://digital.casalini.it/9788498952681
=CAT  \\$aCAS-SPAN$b00$c20230130$lBLL01$h2021
=CAT  \\$aBATCH-UPD$b00$c20230130$lBLL01$h2021
=CAT  \\$a11131$b40$c20230420$lBLL01$h0756
=FIN  \\$aY$d20230420
=FMT  \\$a  BK
=LAS  \\$a11131$b40$c20230420$lBLL01$h0756
=SID  \\$aZ39$bOCLC

