=LDR  02210cam a2200505 i 4500
=001  020947534
=003  Uk
=005  20230206095900.0
=008  221103s2022\\\\vc\a\\\\\b\\\\001\0\ita\d
=020  \\$a9788821010965$qpaperback
=020  \\$a8821010961$qpaperback
=020  \\$z9788821010972$qdigital edition
=035  \\$a(OCoLC)1350452118
=040  \\$aC3L$beng$cC3L$dUk$dISB$dXII$erda
=042  \\$aukblderived
=050  \4$aZ810.B43$bS78 v.556
=082  14$a220$214
=100  1\$aAcerbi, Fabio,$eauthor.
=245  13$aIl Codex Vaticanus a Bisanzio :$bvicende e figure di una storia millenaria /$cFabio Acerbi, Daniele Bianconi.
=264  \1$aCittà del Vaticano :$bBiblioteca apostolica vaticana,$c2022.
=300  \\$a312 pages :$bcolor illustrations ;$c24 cm.
=336  \\$atext$btxt$2rdacontent
=337  \\$aunmediated$bn$2rdamedia
=338  \\$avolume$bnc$2rdacarrier
=490  1\$aStudi e testi ;$v556
=500  \\$aPremessa -- Dai primi interventi ai 'restyling' di età medio-bizantina -- Buoni maestri, migliori allievi: dalla Bisanzio dei Paleologi alla Roma dei papi -- Il Codice Vaticano, Michele Crisococca e l'astronomia -- Michele Crisococca e l'astronomia persiana -- Michele Crisococca e l'astronomia di tradizione ebraica.
=504  \\$aIncludes bibliographical references and index.
=600  00$aBēssariōn,$cCardinal,$d1403-1472.
=610  20$aBiblioteca apostolica vaticana.$kManuscript.$nVat. Gr. 1209.
=630  00$aBible.$lGreek.$sBiblioteca apostolica vaticana.$kManuscript.$nVat. Gr. 1209
=630  00$aBible$xManuscripts, Greek.
=650  \0$aManuscripts, Greek$zByzantine Empire.
=650  \0$aManuscripts, Greek$zTurkey$zIstanbul.
=650  \0$aScribes$zByzantine Empire.
=700  1\$aBianconi, Daniele,$eauthor.
=830  \0$aStudi e testi (Biblioteca apostolica vaticana) ;$v556.
=852  41$aBritish Library$bHMNTS$jYF.2023.a.2925
=856  41$uhttp://digital.casalini.it/9788821010965
=CAT  \\$a8411$b40$c20230206$lBLL01$h0957
=CAT  \\$a8411$b40$c20230206$lBLL01$h0958
=CAT  \\$a8411$b40$c20230206$lBLL01$h0959
=FIN  \\$aY$d20230206
=FMT  \\$a  BK
=LAS  \\$a8411$b40$c20230206$lBLL01$h0959
=SID  \\$aZ39$bOCLC

