=LDR  03633cam a22005177i 4500
=001  020948286
=003  Uk
=005  20230420074307.0
=008  221010t20222022sp\\\\\\\b\\\\000\0\spa\c
=020  \\$a9788498952704
=020  \\$a8498952700
=035  \\$a(OCoLC)1347785490
=040  \\$aC3L$beng$cC3L$dCGU$dIND$dOCLCF$dNOC$dC3L$dUk$erda
=041  0\$aspa$aita$aeng
=042  \\$aukblderived
=050  \4$aPN3448.D4$bI594 2022
=082  14$a809$214
=245  03$aLa investigación y sus manifestaciones artísticas /$cSabrina Costanzo, Domenico Antonio Cusato y Gemma Persico.(eds.).
=264  \1$aMadrid :$bVisor Libros,$c[2022]
=264  \4$c©2022
=300  \\$a248 pages ;$c21 cm.
=336  \\$atext$2rdacontent
=337  \\$aunmediated$2rdamedia
=338  \\$avolume$2rdacarrier
=490  1\$aBiblioteca filológica hispana ;$v270
=490  1\$aTexto, método, elaboración electrónica ;$v13
=504  \\$aIncludes bibliographical references.
=505  0\$aLorenzo Siilva e La marca del meridiano: l'indagine e la recompozicione dell'io / Annalisa Bonaccorsi -- Representaciones del crimen y sus indagaciones en Historias en rojo de Suyria Poletti / Fernanda Elisa Bravo Herrera -- La riapertura di un caso di omicidio in Nadie quiere saber di Alicia Giménez Bartlett / Valentina Calì -- Cuando la investigación es lo que menos: Ese verano a oscuras de Mariana Enríquez / Margherita Cannavaccioulo -- L'indagine e la sua negazione in Cien botellas en una pared di Ena Lucía Portela -- Dos crímenes de Jorge Ibargüengoitia: parodia y reestructuración del género policial en la literatura mexicana / Michela Craveri -- A Lupita le gustaba investigar..., entre otras cosas / Domenico Antonio Cusato -- "Un hombre muerto a puntapiés" de Pablo Palacio / Ma. Carmen Domínguez Gutiérrez -- Las homicidas de Alia Trabucco Zerán / Alice Favaro -- Hombres de maíz como una investigación / Dante Liano -- Gli omicidi di Pedro: crimini e indagini poliziesche nei primi film di Pedro Almodóvar / Silvia Monti e Paola Bellomi -- And Hamlet said: "miching mallecho" (III, 2, 129): Michale Innes' Hamlet, Revenge! / Francesca Romana Paci -- Indagación y denuncia: Pablo Palacio y la novela policial / Carmen Ruiz Barrioneuvo -- La nascita del poliziesco e le indagnini, tra convenzionalismi e ribellione, di una donna detective in The Law and the Lady di Wiklie Collins / Gemma Persico -- Narrativos de lo siniestro: un modello de indagación identitario femenino/ista / Patricia Poblete Alday -- El ambiguo relato del miedo: Distancia de resate de Samanta Schweblin / Susanna Regazzoni -- Note sulla narrativa di investigazione in Sardegna / Giuseppe Serpillo.
=546  \\$aSpanish or Italian, with one contribution in English.
=650  \0$aDetective and mystery stories$xHistory and criticism.
=650  \7$aDetective and mystery stories.$2fast$0(OCoLC)fst00891461
=655  \7$aCriticism, interpretation, etc.$2fast$0(OCoLC)fst01411635
=700  1\$aCostanzo, Sabrina,$eeditor.
=700  1\$aPersico, Gemma,$eeditor.
=700  1\$aCusato, D. A.$q(Domenico Antonio),$eeditor.
=830  \0$aTexto, método, elaboración electrónica ;$v13.
=830  \0$aBiblioteca filológica hispana ;$v270.
=852  41$aBritish Library$bHMNTS$jYF.2023.a.9299
=856  41$uhttp://digital.casalini.it/9788498952704
=CAT  \\$aCAS-SPAN$b00$c20230206$lBLL01$h2022
=CAT  \\$aBATCH-UPD$b00$c20230206$lBLL01$h2022
=CAT  \\$a11131$b40$c20230420$lBLL01$h0743
=FIN  \\$aY$d20230420
=FMT  \\$a  BK
=LAS  \\$a11131$b40$c20230420$lBLL01$h0743
=SID  \\$aZ39$bOCLC

