=LDR  04417cam a2200505 i 4500
=001  020948375
=003  Uk
=005  20230412091919.0
=008  221013t20222022sp\a\\\\\b\\\\000\0\spa\d
=020  \\$a9788491922971$q(Iberoamericana)
=020  \\$a8491922970$q(Iberoamericana)
=020  \\$a9783968693262$q(Vervuert)
=020  \\$a3968693264$q(Vervuert)
=020  \\$z9783968693279$q(e-Book)
=035  \\$a(OCoLC)1347386735
=040  \\$aVA@$beng$cVA@$dOHX$dC3L$dOCLCF$dCOD$dSZR$dJHE$dUk$erda
=042  \\$aukblderived
=245  00$aPensar lo real :$bautoficción y discurso crítico /$cAna Casas, Anna Forné (eds.).
=264  \1$aMadrid :$bIberoamericana ;$aFrankfurt :$bVervuert,$c2022.
=264  \4$c©2022
=300  \\$a360 pages :$billustrations (chiefly color) ;$c22 cm.
=336  \\$atext$btxt$2rdacontent
=337  \\$aunmediated$bn$2rdamedia
=338  \\$avolume$bnc$2rdacarrier
=490  1\$aEdiciones de Iberoamericana ;$v131
=504  \\$aIncludes bibliographical references.
=505  0\$aIntroducción. El falso solipsismo de la autoficción / Ana Casas -- Herencias y (dis)continuidades ideológicas. La foto que suelta el secreto: el relato familiar, lo real y la fotografía en dos novelas latinoamericanas / Magdalena Perkowska -- Discurso ideológico y discurso crítico en Mi papá alemán. Una vida argentina, de Mónica Müller / Kristine Vanden Berghe y Rahel Teicher -- Las vidas del archivo en el cine de André́s Di Tella / Anna Forné -- Orden y desorden en los relatos del yo: lectura de Conjunto vacío, de Verónica Gerber Bicecci / Nicolas Licata -- La danza del ojo: autoficción y disenso estético-político en Mudanza y Conjunto vacío, de Verónica Gerber Bicecci / Lorena Amaro Castro -- Lugares de enunciación y disidencia sexual. Las malas, de Camila Sosa Villada: géneros indómitos y un nuevo bestiario para la literatura argentina / Jordana Blejmar --Heteronimia, género, autoficción: El affair Skeffintong, de María Moreno / Julio Prieto -- Construyéndome un cuerpo para luchar: el uso de la corporalidad en las autoficciones de Femimutancia Marcela Trujillo / Alfredo Guzmán Tinajero -- Enunciación gay en la escena autoficcional española / Mario de la Torre-Espinosa -- Intimidad, límites y transgresiones: confesión y ficción en el discurrir narrative de Luisgé Martín / Gilberto Daniel Vásquez Rodríguez -- Las ficciones del yo en la televisión del mañana: los casos de By Ana Milán y Maricón perdido / Iván Gómez -- Posturas de autor/a y posicionamientos ético-políticos. Escrituras (dis)conformes: los devenires ficcionales de Flavia Company y Cristina Peri Rossi / Meri Torras Francès -- Sumisión o estrategia: autor-ficciones en Lectura fácil, Malas palabras y Últimas tardes con Teresa de Jesús, de Cristina Morales / Aina Pérez Fontdevila --Cómo ser una escritora extranjera: postura literaria y ethos autorial en la obra de Clara Obligado / Javier Ignacio Alarcón Bermejo-- El tránsito político al nosotros: las tecnologías del yo bajo el signo de la autoficción / Patricia López-Gay -- Perfiles de otredad en clave autoficcional: un estudio sobre la dramaturgia argentina contemporánea / Mauricio Tossi -- La real pensado y (auto)ficcionalizado desde la tradición surrealista en la tradición arrabaliana de este siglo / Manuel Pérez Jiménez -- Sobre los autores y las autoras.
=648  \7$a2000-2099$2fast
=650  \0$aAutobiographical fiction, Spanish$xCriticism and interpretation$y21st century.
=650  \0$aAutobiographical fiction, Latin American$xCriticism and interpretation$y21st century.
=650  \7$aAutobiographical fiction, Latin American.$2fast$0(OCoLC)fst00822577
=650  \7$aAutobiographical fiction, Spanish.$2fast$0(OCoLC)fst00822586
=655  \7$aCriticism, interpretation, etc.$2fast$0(OCoLC)fst01411635
=700  1\$aCasas, Ana,$eeditor.
=700  1\$aForné, Anna,$eeditor.
=830  \0$aEdiciones de Iberoamericana ;$v131.
=852  41$aBritish Library$bHMNTS$jYF.2023.a.8250
=856  41$uhttp://digital.casalini.it/9783968693279
=CAT  \\$aCAS-SPAN$b00$c20230206$lBLL01$h2022
=CAT  \\$aBATCH-UPD$b00$c20230206$lBLL01$h2022
=CAT  \\$a11002$b40$c20230412$lBLL01$h0919
=FIN  \\$aY$d20230412
=FMT  \\$a  BK
=LAS  \\$a11002$b40$c20230412$lBLL01$h0919
=SID  \\$aZ39$bOCLC

