=LDR  05223cam a2200469 i 4500
=001  020956067
=003  Uk
=005  20230721142641.0
=008  220831s2022\\\\sp\a\\\\\b\\\\100\0\spa\c
=020  \\$a9788419155368$qpaperback
=020  \\$a8419155365
=035  \\$a(OCoLC)1345064823
=040  \\$aC3L$beng$cC3L$dCGU$dGUA$dCUV$dOCLCF$dEEM$dC3L$dDGU$dNOC$dUk$erda
=042  \\$aukblderived
=050  \4$aPQ6424.Z5$bQ949 2022
=082  14$a861$214
=245  00$aQuevedo en su contexto poético :$bla silva : actas del congreso internacional, Santiago de Compostela, 21 y 22 de octubre de 2021 /$cedición a cargo de María José Alonso Veloso.
=264  \1$aSantiago de Compostela :$bUniversidade de Santiago de Compostela,$c2022.
=300  \\$a562 pages :$billustrations ;$c24 cm.
=336  \\$atext$2rdacontent
=337  \\$aunmediated$2rdamedia
=338  \\$avolume$2rdacarrier
=490  1\$aCursos e congresos da Universidade de Santiago de Compostela ;$vno. 265
=504  \\$aIncludes bibliographical references.
=505  0\$aLos contextos de Quevedo / Alfonso Rey -- Silva de poemas, poemas en silva / María José Alonso Veloso -- Fray Luis ante los salmos: Quevedo ante los Trenos: una Poetica Theologia / Javier San José Lera -- La contaminatio literario en las "silvas" del Heráclito cristiano / Antonio Ramajo Caño -- La silva en el Heráclito cristiano de Quevedo / María José Alonso Veloso -- Puntos oscuros en el Poema heroica a Cristo resucitado / Enrique Moreno Castillo -- Silvas y sonetos morales de Quevedo: especificidades e implicaciones genéricas / Rafaèle Audoubert -- Un jeroglífico a mayor gloria de Osuna, ¿autógrafo de Quevedo? / Fernando Plata Parga -- Quevedo contra Góngora: entre la invectiva y la parodia (en torno al soneto Bl.837 "Ten vergüenza, purpúrate, don Luis") / Pedro Conde Parrado -- Marino, Quevedo y la sátira contra sodomitas: sobre una fuente desconocida del Epitáfio a Julio el italiano / Jesús Ponce Cárdenas -- .Las obras poéticas en los índices hispánicos y portugueses (siglo XVII) / Mathilde Albisson -- La emoción de Quevedo ante las Silvae de Estacio / Francisca Moya del Baño -- Algo más sobre las poesías relojeras de Quevedo: arte y cultura material / Adrián J. Sáez -- Quevedo y la tupida selva europea del Anacreón castellano / Adrián Izquierdo -- Epicteto en Quevedo: citas y traducción en silvas / Lúa García Sánchez -- El bosque o los árboles, o silvas en selvas: imaginería arbórea en la literatura hispánica / Hilaire Kallendorf -- Las Soledades de Góngora y el Sermón de Quevedo / Pablo Jauralde Pou -- Lope de Vega y la silva: oraciones en justas poéticas (1605-1622) / Antonio Sánchez Jiménez -- La silva en las Obras Métricas (1665) de Francisco Manuel de Melo / Paulo Silva Pereira -- El retrato satírico-burlesco en las silvas de Catalina Clara Ramírez de Guzmán / Antía Tacón García -- .Francisco de Rioja, el poeta de las flores: análisis de cinco silvas / Lidia Recarey Ponte -- Taras visuales en la poesía amorosa de Quevedo: elogio de la imperfecta hermosura / Laura Castro Álvarez -- El corpus postoril de Quevedo / Sanuel Parada Juncal -- Algunos tópicos antifranceses en la poesía de Quevedo / Lucio R. Cetreiro.
=520  \\$a"Ante una producción lírica de en torno a un millar de poemas, es fácil deducir que, en los estudios quevedianos, la silva barroca representa un inagotable filón para la reflexión y el análisis crítico. Este aliento impulsó, en el trienio 2019-2021, el proyecto de investigación Edición crítica y anotada de la poesía completa de Quevedo: las silvas, proyecto que, como acto de clausura, convocó el congreso internacional Quevedo en su contexto poético: la silva, celebrado en Compostela en el otoño de 2021, y cuyas aportaciones recogen estas páginas. Un volumen coral, en el que una rica y productiva heterogeneidad no desenfoca, empero, el objetivo común: la poesía barroca, con especial atención a Quevedo y la silva, sin perder de vista otras ilustres figuras de la época, como Góngora o Lope. Diecisiete especialistas y seis investigadores noveles perfilan en esta obra una silva de estudios que arroja nueva luz sobre parcelas líricas bien estudiadas pero que, sin duda, aún reservan sorpresas."$cAmazon.
=600  10$aQuevedo, Francisco de,$d1580-1645$vCongresses.
=600  17$aQuevedo, Francisco de,$d1580-1645$2fast$0(OCoLC)fst00032670
=655  \7$aConference papers and proceedings.$2fast$0(OCoLC)fst01423772
=700  1\$aAlonso Veloso, María José,$d1967-$eeditor.
=830  \0$aCursos e congresos da Universidade de Santiago de Compostela ;$vno. 265.
=852  41$aBritish Library$bHMNTS$jYF.2023.a.17558
=856  41$uhttp://digital.casalini.it/9788419155436
=CAT  \\$aCAS-SPAN$b00$c20230213$lBLL01$h2021
=CAT  \\$aBATCH-UPD$b00$c20230213$lBLL01$h2021
=CAT  \\$a15989$b40$c20230721$lBLL01$h1423
=CAT  \\$a15989$b40$c20230721$lBLL01$h1425
=CAT  \\$a15989$b40$c20230721$lBLL01$h1426
=FIN  \\$aY$d20230721
=FMT  \\$a  BK
=LAS  \\$a15989$b40$c20230721$lBLL01$h1426
=SID  \\$aZ39$bOCLC

