=LDR  03388cam a2200637 i 4500
=001  020956092
=003  Uk
=005  20230411112550.0
=008  210713s2021\\\\sp\a\\\\\b\\\\000\0\spa\d
=010  \\$a  2022445826
=020  \\$a9788490963319
=020  \\$a8490963312
=020  \\$z9788490963333$qpdf
=020  \\$a8490963339
=035  \\$a(OCoLC)1285297247$z(OCoLC)1275428361$z(OCoLC)1276778437$z(OCoLC)1285297746
=040  \\$aC3L$beng$cC3L$dVA@$dOCLCO$dOCLCF$dOCLCO$dTJC$dHUL$dYDX$dDLC$dUk$erda
=041  0\$aspa$acat$aglg$apor
=042  \\$aukblderived
=043  \\$ae-sp---$ae-po---
=050  \4$aJN8341$b.R47 2021
=245  03$aEl republicanismo en el espacio ibérico contemporáneo :$brecorridos y perspectivas /$ceditado por Nicolas Berjoan, Eduardo Higueras Castañeda y Sergio Sánchez Collantes.
=264  \1$aMadrid :$bCasa de Velázquez,$c2021.
=300  \\$axii, 363 pages :$billustrations ;$c24 cm.
=336  \\$atext$btxt$2rdacontent
=337  \\$aunmediated$bn$2rdamedia
=338  \\$avolume$bnc$2rdacarrier
=490  1\$aCollection de la Casa de Velázquez,$x1132-7340 ;$vvolume 188
=500  \\$aCollected essays.
=504  \\$aIncludes bibliographical references (pages 279-363).
=520  \\$aLa historia de la democracia en el espacio ibérico es inseparable de los pioneros esfuerzos del movimiento republicano por ensanchar la esfera pública y construir una sociedad de ciudadanos iguales en derechos y oportunidades. El estudio de las culturas republicanas en la historia contemporánea de Portugal y España se ha consolidado como una importante corriente de investigación en las últimas décadas. Evaluar la distancia recorrida era una tarea inaplazable que este volumen ha pretendido alcanzar. Sin embargo, esta aproximación historiográfica quedaría incompleta sin una exploración de las líneas de investigación que el republicanismo ofrece en la actualidad. Con este fin, se presentan un conjunto de trabajos que abren novedosas vías de análisis desde el marco local.
=530  \\$aAlso published electronically.
=546  \\$aTexts in Spanish, Catalan, Galician, and Portuguese.
=648  \7$a2000-2099$2fast
=650  \0$aRepublicanism$zSpain$y21st century.
=650  \0$aRepublicanism$zPortugal$y21st century.
=650  \0$aRepublicanism$zIberian Peninsula$y21st century.
=650  \7$aPolitics and government.$2fast$0(OCoLC)fst01919741
=650  \7$aRepublicanism.$2fast$0(OCoLC)fst01095066
=651  \0$aIberian Peninsula$xPolitics and government$y21st century.
=651  \7$aEurope$zIberian Peninsula.$2fast$0(OCoLC)fst01919592
=651  \7$aPortugal.$2fast$0(OCoLC)fst01208476
=651  \7$aSpain.$2fast$0(OCoLC)fst01204303
=700  1\$aBerjoan, Nicolas,$eeditor.
=700  1\$aHigueras Castañeda, Eduardo,$d1981-$eeditor.
=700  1\$aSánchez Collantes, Sergio,$eeditor.
=830  \0$aCollection de la Casa de Velázquez ;$v188.$x1132-7340.
=852  41$aBritish Library$bHMNTS$jYF.2023.a.8292
=856  41$uhttp://digital.casalini.it/9788490963333
=CAT  \\$aCAS-SPAN$b00$c20230213$lBLL01$h2021
=CAT  \\$aBATCH-UPD$b00$c20230213$lBLL01$h2021
=CAT  \\$a11002$b40$c20230411$lBLL01$h1124
=CAT  \\$a11002$b40$c20230411$lBLL01$h1125
=FIN  \\$aY$d20230411
=FMT  \\$a  BK
=LAS  \\$a11002$b40$c20230411$lBLL01$h1125
=SID  \\$aZ39$bOCLC

