=LDR  04084cam a22005177i 4500
=001  020968811
=003  Uk
=005  20230222111000.0
=008  221026s2022\\\\sp\a\\\\\b\\\\000\0\spa\c
=020  \\$a9788491922599$q(Iberoamericana)
=020  \\$a9783968692517$q(Vervuert)
=020  \\$a3968692519$q(Vervuert)
=020  \\$a8491922598
=020  \\$z9783968692524$qe-book
=035  \\$a(OCoLC)1349365193
=040  \\$aC3L$beng$cC3L$dTJC$dC3L$dCOD$dOCLCF$dNOC$dUk$erda
=042  \\$aukblcatcopy
=050  \4$aPQ6641.A47$bC54 2022
=050  \4$aPQ6641.A47$bL8336 2022
=082  14$a862$214
=245  00$aCien años de Luces :$bensayos en torno a Luces de bohemia /$cSergio Santiago Romero (ed.).
=264  \1$aMadrid :$bIberoamericana ;$aFrankfurt :$bVervuert,$c2022.
=300  \\$a299 pages :$billustrations ;$c22 cm.
=336  \\$atext$btxt$2rdacontent
=337  \\$aunmediated$bn$2rdamedia
=338  \\$avolume$bnc$2rdacarrier
=490  1\$aLa casa de la riqueza. Estudios de la cultura de España ;$v66
=500  \\$aCollected essays.
=504  \\$aIncludes bibliographical references.
=505  0\$aApuntes valleinclanescos sobre lo trágico: tragedia, tauromaquia y esperpento / Javier Huerta Calvo -- La cueva de Zaratustra: sobre la pulsión dionisíaca en Luces de bohemia / Sergio Santiago Romero -- Cien años de la publicación de Luces de bohemia en la revista España: entre luces y sombras en la prensa / Ignacio Amesstoy -- "Yo soy el dolor de un mal sueño": la escindida identidad de Max Estrella / Eduardo Pérez-Rasilla -- "Don Benito el Garcancero": un tópico nacido de la necesidad de rimar / Ma. Ángeles Varela Olea -- Rubén Darío en Luces de bohemia: intertextualidad, cita y alusión (con una edición de "Peregrinación") / Julio Vélez-Sainz -- "¡El Víctor Hugo de España!": Alejandro Sawa: la persona tras el personaje / Amelina Correa Ramón -- Algunos escritores de fin de siglo en Luces de bohemia, de Valle-Inclán / José Servera Baño -- Lecturas del esperpento en el tardofranquismo: la recepción de las Luces de bohemia de José Tamayo / Diego Santos Sánchez -- Cinco escenificaciones de Luces de bohemia / José Gabriel López-Antuñano -- Luces de bohemia en el escenario, cien años después / César Oliva.
=520  \\$aEn este libro se reúnen los trabajos de once reputados especialistas sobre la obra más destacada de Ramón del Valle-Inclán. La publicación en 1920 de la primera versión de Luces de bohemia no solo supuso la puesta de largo de un nuevo género teatral (el esperpento), sino española cuyos ecosse sintieron hasta bien entrado el siglo XX. Este volumen colectivo vuelve a pensar en la genial obra desde una triple dimensión: como texto, como intertexto y como material escénico. En la primera parte, se analiza la compleja configuración de Luces de bohemia y de su héroe, Max Estrella. En la segunda parte los lectores podrán aproximarse al universo de referencias literarias insertas en la obra. En la tercera sección, por último, se rastrea la tan compleja biografía escénica que ha experimentado la pieza de Valle-Inclán durante los siglos XX y XXI. --$cSummary from book.
=600  10$aValle-Inclán, Ramón del,$d1866-1936.$tLuces de bohemia.
=600  10$aValle-Inclán, Ramón del,$d1866-1936$xCriticism and interpretation.
=600  17$aValle-Inclán, Ramón del,$d1866-1936$2fast$0(OCoLC)fst00029860
=630  07$aLuces de bohemia (Valle-Inclán, Ramón del)$2fast$0(OCoLC)fst02057872
=655  \7$aCriticism, interpretation, etc.$2fast$0(OCoLC)fst01411635
=700  1\$aSantiago Romero, Sergio,$eeditor.
=830  \0$aCasa de la riqueza.$pEstudios de cultura de España ;$v66.
=852  41$aBritish Library$bHMNTS$jYF.2023.a.4412
=856  41$uhttp://digital.casalini.it/9783968692524
=CAT  \\$a11029$b40$c20230222$lBLL01$h1110
=CAT  \\$aW2308-1659$c20230923$lBLL01$h1141
=FIN  \\$aY$d20230222
=FMT  \\$a  BK
=LAS  \\$aW2308-1659$b00$c20230923$lBLL01$h1141
=SID  \\$aZ39$bOCLC

