=LDR  02400cam a2200601 i 4500
=001  020971221
=003  Uk
=005  20230512221544.0
=008  221104t20222022sp\a\\\\\b\\\\000\0\spa\d
=020  \\$a9788411226257$qpaperback
=020  \\$a8411226255
=035  \\$a(OCoLC)1350742201
=040  \\$aC3L$beng$cC3L$dRCE$dTJC$dOCLCF$dC3L$dUk$erda
=042  \\$aukblderived
=043  \\$ae-sp---
=050  \4$aHN590.Z9$bE4382 2022
=082  14$a305$214
=245  00$aÉlites en transición :$brelaciones, reacciones, representaciones y estrategias de los grupos privilegiados entre los siglos XV y XX /$cAlejandro Espejo Fernández, Héctor Linares González, Marina Perruca Gracia, Javier Rodríguez Abengózar (editores).
=264  \1$aMadrid :$bDykinson, S.L.,$c[2022]
=264  \4$c©2022
=300  \\$a331 pages :$billustrations ;$c24 cm
=336  \\$atext$btxt$2rdacontent
=337  \\$aunmediated$bn$2rdamedia
=338  \\$avolume$bnc$2rdacarrier
=500  \\$aCollected essays.
=504  \\$aIncludes bibliographical references.
=650  \0$aElite (Social sciences)$zSpain$xHistory.
=650  \0$aPower (Social sciences)$zSpain$xHistory.
=650  \7$aElite (Social sciences)$2fast$0(OCoLC)fst00908113
=650  \7$aPolitics and government.$2fast$0(OCoLC)fst01919741
=650  \7$aPower (Social sciences)$2fast$0(OCoLC)fst01074219
=650  \7$aSocial conditions.$2fast$0(OCoLC)fst01919811
=651  \0$aSpain$xPolitics and government.
=651  \0$aSpain$xSocial conditions.
=651  \7$aSpain.$2fast$0(OCoLC)fst01204303
=655  \7$aHistory.$2fast$0(OCoLC)fst01411628
=690  7\$aSocial Welfare$2blcoll
=700  1\$aEspejo Fernández, Alejandro,$eeditor.
=700  1\$aLinares González, Héctor,$eeditor.
=700  1\$aPerruca Gracia, Marina,$eeditor.
=700  1\$aRodríguez Abengózar, Javier,$eeditor.
=852  41$aBritish Library$bHMNTS$jYF.2023.a.9798
=856  41$uhttp://digital.casalini.it/9788411226714
=CAT  \\$aCAS-SPAN$b00$c20230227$lBLL01$h2020
=CAT  \\$aBATCH-UPD$b00$c20230227$lBLL01$h2020
=CAT  \\$aBATCH-UPD$b00$c20230227$lBLL01$h2021
=CAT  \\$aBATCH-UPD$b00$c20230314$lBLL01$h2035
=CAT  \\$a15989$b40$c20230421$lBLL01$h1504
=CAT  \\$aBATCH-SWP$c20230512$lBLL01$h2215
=FIN  \\$aY$d20230421
=FMT  \\$a  BK
=LAS  \\$aBATCH-SWP$b00$c20230512$lBLL01$h2215
=SID  \\$aZ39$bOCLC

