=LDR  01812cam a2200541 i 4500
=001  020981921
=003  Uk
=005  20230509091418.0
=008  221007s2022\\\\sp\\\\\\\b\\\\000\0\spa\d
=020  \\$a9788411138215$qpaperback
=020  \\$a8411138216
=020  \\$a9788411138222$qpdf
=020  \\$a8411138224
=035  \\$a(OCoLC)1347786430$z(OCoLC)1347784201
=040  \\$aC3L$beng$cC3L$dPLL$erda
=042  \\$aukblderived
=050  \4$aKZ7155$b.R63 2022
=082  14$a345$214
=100  1\$aRodríguez López, Silvia.
=245  10$aTrata de seres humanos y corrupción /$cSilvia Rodríguez López.
=264  \1$aValencia :$bTirant lo Blanch,$c2022.
=264  \4$c©2022
=300  \\$a442 pages ;$c22 cm.
=336  \\$atext$btxt$2rdacontent
=337  \\$aunmediated$bn$2rdamedia
=338  \\$avolume$bnc$2rdacarrier
=490  1\$aMonografías
=504  \\$aIncludes bibliographical references.
=530  \\$aAlso issued online.
=650  \0$aHuman trafficking$xLaw and legislation.
=650  \0$aHuman trafficking$xPrevention.
=650  \0$aHuman trafficking (International law)
=830  \0$aTirant monografías.
=852  41$aBritish Library$bHMNTS$jYF.2023.a.10764
=856  41$uhttp://digital.casalini.it/9788411138222
=CAT  \\$aCAS-SPAN$b00$c20230306$lBLL01$h2017
=CAT  \\$aBATCH-UPD$b00$c20230306$lBLL01$h2018
=CAT  \\$a15989$b40$c20230509$lBLL01$h0910
=CAT  \\$a15989$b40$c20230509$lBLL01$h0911
=CAT  \\$a15989$b40$c20230509$lBLL01$h0912
=CAT  \\$a15989$b40$c20230509$lBLL01$h0913
=CAT  \\$a15989$b40$c20230509$lBLL01$h0913
=CAT  \\$a15989$b40$c20230509$lBLL01$h0913
=CAT  \\$a15989$b40$c20230509$lBLL01$h0914
=FIN  \\$aY$d20230509
=FMT  \\$a  BK
=LAS  \\$a15989$b40$c20230509$lBLL01$h0914
=SID  \\$aZ39$bOCLC

