=LDR  05581cam a2200673 i 4500
=001  020988695
=003  Uk
=005  20230425113530.0
=008  221122s2022\\\\sp\\\\\\\b\\\\000\0\spa\c
=020  \\$a9788413525891$qpaperback
=020  \\$a8413525896
=020  \\$a9788413526478$qpdf
=020  \\$a8413526477
=035  \\$a(OCoLC)1363833877$z(OCoLC)1363836480
=040  \\$aC3L$beng$cC3L$dNOC$dGZM$dOCLCF$dFQG$dUk$erda
=042  \\$aukblderived
=043  \\$ae-sp---
=050  \4$aDP272$b.C6575 2022
=082  14$a946$214
=245  00$aContra los lugares comunes :$bhistoria, memoria y nación en la España democrática /$cFerran Archilés, Julián Sanz, Xavier Andreu (eds.).
=264  \1$aMadrid :$bCatarata,$c2022.
=264  \4$c©2022
=300  \\$a222 pages ;$c22 cm.
=336  \\$atext$btxt$2rdacontent
=337  \\$aunmediated$bn$2rdamedia
=338  \\$avolume$bnc$2rdacarrier
=490  1\$aColección Investigación y debate ;$v382
=500  \\$aCollected essays.
=504  \\$aIncludes bibliographical references.
=505  0\$aContra los lugares comunes, si puede ser / Ferran Archilés, Julián Sanz y Xavier Andreu -- ¿Una nación forjada contra el Islam? / Alejandro García Sanjuán -- La leyenda negra es la culpable de la mala imagen de España / Edgar Straehle -- En España nu hubo esclavos / Marín Rodrigo y Alharilla -- El fracso de la revolución liberal y la España contemporánea / Xavier Andreu Miralles -- España (nación) invertebrada / Ferran Archilés -- España, puente entre América Latina y Europa / Nuria Tabanera García -- La izquierda no es nacionalista / Vega Rodríguez-Flroes Parra -- Burguesía y catalanismo / Jordi Roca Vernet -- La Segunda República fracasó y triunfó el golpe fascista del 18 de julio 81 / Ismael Saz -- La (proscrita) memoria de la Segunda Repúbliva / Toni Morant -- El franquismo fue un régimen facista / Zira Box -- ¿Fue el franquismo un régimen autoritario, conservador y tradicional? / Julián Sanz Hoya -- (Contra) la transición como pacto de élites / Pamela B. Radcliff -- Régimen del 78 / Pau Casanellas -- El mito de la transición pacífica / Sophie Baby -- La CT o " cultura de la transición" / Sara Santamaría Colomenero -- La patria del patriotismo constitucional español / Xavier Domènech -- España, ¿uno de los países más descentralizados del mundo? / Klaus-Jürgen Nagel -- ¿La España democrática ha permitido construir un país plural culturalmente? / Giulia Quaggio -- El sistema autonómico ha borrado a España de los manuales esolares / Jorge Sáiz Serrano -- ETA ha permitido a los vascos mantener sus privilegios / Eduardo J. Alonso -- ¿Hay anticatalanismo en España? / Vicent Flor -- En España no hay racismo / Jorge Ramos Tolosa -- Vox y la ultraderecha española: ¿continuación o mutación? / Xavier Casals.
=520  \\$a"Nadie está a salvo de lo que parece que no hay que demostrar: las ideas preconcebidas o los lugares comunes; tópicos insertos en los discursos e imaginarios cotidianos que a simple vista parecen formar parte del sentido común, pero que están muy lejos de ser inocentes o inocuos, ya que forman parte de la disputa por la hegemonía cultural y política. En este libro se plantean 24 lugares comunes ampliamente extendidos sobre la identidad nacional española y que han articulado el relato sobre la historia y el presente español: ¿es España una nación construida contra el islam?, ¿fracasó la revolución liberal en España, dejando un país invertebrado?, ¿naufragó la Segunda República y triunfó el 18 de julio un golpe fascista? ¿fue la Transición un pacto de élites, fue pacífica? ¿no hay racismo en España?, etc. Lugares comunes sobre los que hay que reflexionar para entender si se corresponden con lo que sabemos sobre el pasado y el presente español y cómo han llegado a formarse y aceptarse. Lejos de querer ofrecer una premisa política unívoca o una versión correcta y cerrada de la historia, los textos de este libro someten a crítica y plantean la relectura de un conjunto de lugares comunes tanto de la derecha como de la izquierda." --Casa del Libro.
=530  \\$aAlso issued online.
=648  \7$aSince 1975$2fast
=650  \0$aNational characteristics, Spanish.
=650  \0$aCollective memory$zSpain.
=650  \7$aCollective memory.$2fast$0(OCoLC)fst01739814
=650  \7$aNational characteristics, Spanish.$2fast$0(OCoLC)fst01033523
=650  \7$aPolitics and government.$2fast$0(OCoLC)fst01919741
=651  \0$aSpain$xPolitics and government$y1982-
=651  \0$aSpain$xPolitics and government$y1975-1982.
=651  \0$aSpain$xHistory$y1975-
=651  \7$aSpain.$2fast$0(OCoLC)fst01204303
=655  \7$aHistory.$2fast$0(OCoLC)fst01411628
=700  1\$aArchilés i Cardona, Ferran,$eeditor.
=700  1\$aSanz, Julián,$eeditor.
=700  1\$aAndreu Miralles, Xavier,$eeditor.
=830  \0$aColección Investigación y debate ;$v382.
=852  41$aBritish Library$bHMNTS$jYF.2023.a.9787
=856  41$uhttp://digital.casalini.it/9788413526478
=CAT  \\$aCAS-SPAN$b00$c20230313$lBLL01$h2016
=CAT  \\$aBATCH-UPD$b00$c20230313$lBLL01$h2017
=CAT  \\$a15989$b40$c20230425$lBLL01$h1130
=CAT  \\$a15989$b40$c20230425$lBLL01$h1131
=CAT  \\$a15989$b40$c20230425$lBLL01$h1134
=CAT  \\$a15989$b40$c20230425$lBLL01$h1135
=FIN  \\$aY$d20230425
=FMT  \\$a  BK
=LAS  \\$a15989$b40$c20230425$lBLL01$h1135
=SID  \\$aZ39$bOCLC

