=LDR  04262cam a2200661 i 4500
=001  021024695
=003  Uk
=005  20230511114659.0
=008  230128s2023\\\\sp\\\\\\\b\\\\000\0\spa\c
=016  7\$a1275634257$2DE-101
=020  \\$a9788491923077$qIberoamericana$qpaperback
=020  \\$a8491923071
=020  \\$a9783968693989$qVervuert$qpaperback
=020  \\$a3968693981
=020  \\$z9783968693996$qe-Book
=024  3\$a9783968693989
=024  3\$a9788491923077
=035  \\$a(OCoLC)1366277017
=040  \\$aOHX$beng$cOHX$dC3L$dLGG$dTJC$dMTH$dNOC$dOCLCF$dUk$erda
=042  \\$aukblderived
=043  \\$ae-sp---
=050  \4$aPQ6718.O82$bZ83 2023
=072  \7$aPQ$2lcco
=082  14$a860$214
=245  00$aNarrar la grieta :$bIsaac Rosa y los imaginarios emancipadores en la España actual /$cCristina Somolinos Molina (coord.).
=246  30$aIsaac Rosa y los imaginarios emancipadores en la España actual
=264  \1$aMadrid :$bIberoamericana ;$aFrankfurt am Main :$bVervuert,$c[2023]
=300  \\$a293 pages ;$c22 cm.
=336  \\$atext$btxt$2rdacontent
=337  \\$aunmediated$bn$2rdamedia
=338  \\$avolume$bnc$2rdacarrier
=490  1\$aEdiciones de Iberoamericana ;$v135
=504  \\$aIncludes bibliographical references.
=505  0\$aPrólogo número 35 (una poética de aliento colectivo) / Isaac Rosa -- La lectura incómoda: un recorrido crítico por la narrativa de Isaac Rosa / Mélanie Valle Detry -- Escritura y memoria democrática: la evolución de las estrategias narrativas en las novelas de Isaac Rosa / Violeta Ros -- La dimensión transtextual de ¡¿Otra maldita novela sobre la guerra civil! / Javier Sánchez Zapatero -- Final abierto, compromiso y lo real de la democracia española en El vano ayer, de Isaac Rosa / David Becerra Mayor -- El trabajo y la lucha: sobre el dispositivo político y cultual de Isaac Rosa / Ángela Martínez Fernández -- Redir y rendirse: el trabajismo bajo la lupa en la narrativa de Isaac Rosa / Katja Jansson -- Isaac Rosa: el derecho a la vivienda en la ciudad neoliberal / Cristgina Somolinos Molina -- La sexualidad como metáfora político-social en La habitación oscura, de Isaac Rosa / Amélie Florenchie -- Isaac Rosa, escritor feminista y de clase: el caso de Tiza roja / Isabel Araújo Branco -- La pantalla en los relatos de Isaac Rosa (Tiza roja, 2020): múltiples caras de una misma moneda / Ana Gustrán Loscos -- #nonosvengaconcuentos: precariedad y sujeto en/de la crisis en la narrativa breve de Isaac Rosa / Maura Rossi -- La estafa del yo-soy: sobre amor y libertad (de elección) en Feliz final / Maria Ayete Gil -- Contar a partir del fin: una lectura de Feliz final, de Isaac Rosa / Ângela Fernandes -- El vano hoy: técnicas de revelación y desplazamiento de la voz intelectual en la prosa periodística de Isaac Rosa / Albert Jornet Somoza -- Isaac Rosa prologuista (2008-2021): conversaciones a distancia / Bénédicte Vauthier -- Narrar el conflicto: entrevista a Isaac Rosa / Maria Ayete Gil y David Becerra Mayor.
=530  \\$aAlso published electronically.
=600  10$aRosa Camacho, Isaac,$d1974-$xCriticism and interpretation.
=650  \0$aPolitics in literature.
=650  \0$aPolitics and literature$zSpain.
=650  \7$aPolitics and literature.$2fast$0(OCoLC)fst01069960
=650  \7$aPolitics in literature.$2fast$0(OCoLC)fst01896084
=651  \7$aSpain.$2fast$0(OCoLC)fst01204303
=655  \7$aCriticism, interpretation, etc.$2fast$0(OCoLC)fst01411635
=700  1\$aSomolinos Molina, Cristina,$eeditor.
=776  08$ie-book version$z9783968693996
=830  \0$aEdiciones de Iberoamericana ;$v135.
=852  41$aBritish Library$bHMNTS$jYF.2023.a.9826
=852  41$aBritish Library$bHMNTS$jYF.2023.a.10997
=856  41$uhttp://digital.casalini.it/9783968693996
=CAT  \\$a15954$b40$c20230418$lBLL01$h0850
=CAT  \\$a15954$b40$c20230418$lBLL01$h0854
=CAT  \\$aCAS-SPAN$b00$c20230503$lBLL01$h0929
=CAT  \\$a15989$b40$c20230511$lBLL01$h1128
=CAT  \\$a15989$b40$c20230511$lBLL01$h1146
=CAT  \\$aW2308-1659$c20230923$lBLL01$h1142
=FIN  \\$aY$d20230418
=FMT  \\$a  BK
=LAS  \\$aW2308-1659$b00$c20230923$lBLL01$h1142
=SID  \\$aZ39$bOCLC

