=LDR  03104cam a22005657i 4500
=001  021028341
=003  Uk
=005  20230420144329.0
=008  221001t20222022sp\\\\\\\b\\\\000\0dspa\c
=010  \\$a  2022445654
=016  7\$a1267941650$2DE-101
=020  \\$a9783968693491$qVervuert$q(paperback)
=020  \\$a3968693493$qVervuert$q(paperback)
=020  \\$a9788491923107$qIberoamericana$q(paperback)
=020  \\$a8491923101$qIberoamericana$q(paperback)
=020  \\$z9783968693507$qebook
=024  3\$a9783968693491
=024  3\$a9788491923107
=035  \\$a(OCoLC)1346400794
=040  \\$aOHX$beng$cOHX$dC3L$dIND$dNOC$dOCLCF$dEEM$dDLC$dUk$erda
=042  \\$aukblcatcopy
=050  \4$aPQ6666.E72$bZ56 2022
=072  \7$aPQ$2lcco
=082  14$a860$214
=245  00$aEntre la seda y el hierro :$bla creación poética y cuentística de Antonio Pereira /$cNatalia Álvarez Méndez (ed.).
=246  30$aCreación poética y cuentística de Antonio Pereira
=264  \1$aMadrid :$bIberoamericana ;$aFrankfurt am Main :$bVervuert,$c2022.
=264  \4$c©2022
=300  \\$a229 pages ;$c22 cm.
=336  \\$atext$btxt$2rdacontent
=337  \\$aunmediated$bn$2rdamedia
=338  \\$avolume$bnc$2rdacarrier
=490  1\$aEdiciones de Iberoamericana,$x2567-9147 ;$v133
=504  \\$aIncludes bibliographical references (pages 213-223).
=505  0\$aUn país sin tiempo: la voz poética interior de Antonio Pereira / Alfredo Saldaña -- La voz como símbolo de lo vivido en la poesía de Antonio Pereira / Armando López Castro -- La dimensión irracional del cuerpo en la poesía de Antonio Pereira / Sergio Fernández Martínez -- Fabulación y pensamiento literario: la cuentística de Antonio Pereira / Natalia Álvarez Méndez -- Poíesis y configuración narrativa en los cuentos de Antonio Pereira: interpretación y analogía / Tomás Albaladejo -- Iniciativa y espacios de contención en los cuentos de Antonio Pereira / Carlos Javier García -- El íncipit en los cuentos de Antonio Pereira / José Enrique Martínez -- Poética para los bebedores del anochecer: la metaficción como clave en la narrativa breve de Antonio Pereira / Raquel de la Varga Llamazares -- El largo camino hacia la mínima expresión: hiperbrevedad y fragmentarismo en la obra de Antonio Pereira / Carmen Morán Rodríguez.
=530  \\$aAlso published electronically.
=600  10$aPereira, Antonio,$d1923-$xCriticism and interpretation.
=600  17$aPereira, Antonio,$d1923-$2fast$0(OCoLC)fst00039127
=655  \7$aCriticism, interpretation, etc.$2fast$0(OCoLC)fst01411635
=700  1\$aÁlvarez Méndez, Natalia,$eeditor.
=776  08$ie-book version$z9783968693507
=830  \0$aEdiciones de Iberoamericana ;$v133.
=852  41$aBritish Library$bHMNTS$jYF.2023.a.9827
=856  41$uhttp://digital.casalini.it/9783968693507
=CAT  \\$a11029$b40$c20230420$lBLL01$h1443
=CAT  \\$aW2308-1659$c20230923$lBLL01$h1142
=FIN  \\$aY$d20230420
=FMT  \\$a  BK
=LAS  \\$aW2308-1659$b00$c20230923$lBLL01$h1142
=SID  \\$aZ39$bOCLC

