=LDR  01952cam a22005297a 4500
=001  021030896
=003  Uk
=005  20230429173219.0
=008  230113s2022\\\\sp\abd\\\b\\\\000\0\spa\d
=020  \\$a9788400110680$qpaperback
=020  \\$a8400110684
=020  \\$a9788400110697$qpdf
=020  \\$a8400110692
=035  \\$a(OCoLC)1363837638$z(OCoLC)1363840436
=040  \\$aC3L$beng$cC3L$dZCU$dOCLCF$dUk
=042  \\$aukblcatcopy
=050  \4$aDP
=082  14$a946$214
=100  1\$aPozo Flores, Mikel,$d1986-
=245  10$aVasconia tardoantigua :$bEntre la evolución sociopolítica y la construcción intelectual (400-711) /$cMikel Pozo Flores.
=260  \\$aMadrid :$bConsejo Superior de Investigaciones Científicas,$c2022.
=300  \\$a489 p. :$bills., maps, charts ;$c24 cm.
=336  \\$atext$2rdacontent
=337  \\$aunmediated$2rdamedia
=338  \\$avolume$2rdacarrier
=490  0\$aBiblioteca de Historia ;$v100
=504  \\$aIncludes bibliographical references.
=648  \7$aTo 1500$2fast
=650  \7$aPolitics and government.$2fast$0(OCoLC)fst01919741
=650  \7$aSocial conditions.$2fast$0(OCoLC)fst01919811
=651  \0$aPaís Vasco (Spain)$xHistory$yTo 1500.
=651  \0$aPaís Vasco (Spain)$xPolitics and government.
=651  \0$aPaís Vasco (Spain)$xSocial conditions.
=651  \0$aSpain$xHistory$yTo 711.
=651  \7$aSpain.$2fast$0(OCoLC)fst01204303
=651  \7$aSpain$zPaís Vasco.$2fast$0(OCoLC)fst01228625
=655  \7$aHistory.$2fast$0(OCoLC)fst01411628
=852  41$aBritish Library$bHMNTS$jYF.2023.a.10185
=856  41$uhttp://digital.casalini.it/9788400110697
=CAT  \\$a15954$b40$c20230425$lBLL01$h1128
=CAT  \\$a15954$b40$c20230425$lBLL01$h1130
=CAT  \\$a10804$b40$c20230428$lBLL01$h0852
=CAT  \\$aBATCH-ROF$b00$c20230429$lBLL01$h1732
=FIN  \\$aY$d20230425
=FMT  \\$a  BK
=LAS  \\$aBATCH-ROF$b00$c20230429$lBLL01$h1732
=SID  \\$aZ39$bOCLC

