=LDR  02948cam a22005417i 4500
=001  021035135
=003  Uk
=005  20230427090001.0
=008  230110s2022\\\\sp\\\\\\\b\\\\001\0\spa\d
=020  \\$a9788491923176$q(Iberoamericana)
=020  \\$a8491923179$q(Iberoamericana)
=020  \\$a9783968693637$q(Vervuert)
=020  \\$a3968693639$q(Vervuert)
=020  \\$a9783968693644$q(e-book)
=020  \\$a3968693647$q(e-book)
=035  \\$a(OCoLC)1357496525
=040  \\$aVA@$beng$cVA@$dC3L$dGZM$dMTH$dNOC$dOCLCF$dUk$erda
=042  \\$aukblcatcopy
=050  \4$aP301.5.P47$bZ36 2022
=082  14$a860$214
=100  1\$aZamora, Andrés$q(Zamora Juárez),$eauthor.
=245  10$aInciviles batallas españolas (1772-1910) :$bretórica, ideología, literatura /$cAndrés Zamora.
=264  \1$aMadrid :$bIberoamericana ;$aFrankfurt am Main :$bVervuert,$c2022.
=300  \\$a245 pages ;$c24 cm.
=336  \\$atext$btxt$2rdacontent
=337  \\$aunmediated$bn$2rdamedia
=338  \\$avolume$bnc$2rdacarrier
=490  1\$aColección La Cuestión Palpitante. Los Siglos XVIII y XIX en España Ser. ;$vv.39
=504  \\$aIncludes bibliography (pages 221-239) and index.
=505  0\$aMaléficas transfiguraciones: Raquel: prontuario oracular para batallas ideológicas españolas -- Autoexilios textuales: disidencia idiomática y memorias íntimas, o el secreto arsenal de armas ligeras de Blanco White -- Ideologia nacional y orientalismo: José Zorrilla -- Ideología por entregas: dialécticas folletinescas de la fragmentación y la unidad en María, la hija de un jornalero -- Fatalidades familiares, penurias de la nación: tristes guerras ideológicas en las tramas tendenciosas de Galdós y Pereda -- Diablesas azules en la Restauración: retóricas monstruosas de la novela aristocrática -- Autorreflexividad literaria y simulacro político: teoría y práctica de la representación en el parlamentarismo de la Restauración y en la novela de Galdós -- Construcciones y derribos novelísticos: arquitecturas ideológicas en la coyntura entre dos siglos.
=530  \\$aAlso published electronically.
=648  \7$a1700-1899$2fast
=650  \0$aPersuasion (Rhetoric)$xHistory.
=650  \0$aRhetoric$zSpain$y18th century.
=650  \0$aRhetoric$zSpain$y19th century.
=650  \7$aPersuasion (Rhetoric)$2fast$0(OCoLC)fst01058895
=650  \7$aRhetoric.$2fast$0(OCoLC)fst01096948
=651  \7$aSpain.$2fast$0(OCoLC)fst01204303
=655  \7$aHistory.$2fast$0(OCoLC)fst01411628
=830  \0$aCuestión palpitante.$pSiglos XVIII y XIX en España ;$vv.39.
=852  41$aBritish Library$bHMNTS$jYF.2023.a.10174
=856  41$uhttp://digital.casalini.it/9783968693644
=CAT  \\$a11029$b40$c20230427$lBLL01$h0900
=CAT  \\$aW2308-1659$c20230923$lBLL01$h1142
=FIN  \\$aY$d20230427
=FMT  \\$a  BK
=LAS  \\$aW2308-1659$b00$c20230923$lBLL01$h1142
=SID  \\$aZ39$bOCLC

