=LDR  02502cam a22004817i 4500
=001  021044257
=003  Uk
=005  20230724140610.0
=008  210406s2021\\\\sp\\\\\\\b\\\\000\0\spa\d
=010  \\$a  2021355685
=020  \\$a9788413402208
=020  \\$a8413402204
=035  \\$a(OCoLC)on1246547718
=040  \\$aC3L$beng$cC3L$dKUK$dOCLCO$dOCLCF$dEMU$dC3L$dCGU$dIAL$dOCLCO$dJHE$dOCLCO$dDLC$dUk$erda
=042  \\$aukblderived
=050  00$aPN3377.5.S56$bN68 2021
=245  00$aNovela corta :$bteoría e historia /$cLuis Beltrán Almería, Santiago Morales-Rivera, Dolores Thion Soriano-Mollá, coords.
=250  \\$a1.a edición.
=264  \1$aZaragoza :$bPrensas de la Universidad de Zaragoza,$c2021.
=300  \\$a194 pages ;$c22 cm.
=336  \\$atext$btxt$2rdacontent
=337  \\$aunmediated$bn$2rdamedia
=338  \\$avolume$bnc$2rdacarrier
=490  1\$aEstudios
=504  \\$aIncludes bibliographical references.
=520  \\$a"El concepto de novela corta (también novela breve) es un concepto esquivo. A los problemas para caracterizar el género novela se les añaden los problemas para delimitar la brevedad. Hoy son amplia mayoría los estudiosos que creen en la imposibilidad de definir la novela. En esas condiciones el problema de la brevedad se resuelve con criterios simples y convencionales: el número de páginas o de palabras, la posibilidad de la lectura de un tirón, etc. El grupo de investigación GENUS NOVEL, partiendo de las ideas de Mariano Baquero Goyanes y de la insistencia de los novelistas en la autonomía de este tipo de novelas, ofrece una nueva aproximación a dichos problemas."--Page 4 of cover.
=650  \0$aFiction$xHistory and criticism.
=650  \6$aRoman$xHistoire et critique.
=650  \7$aFiction.$2fast$0(OCoLC)fst00923709
=655  \7$aCriticism, interpretation, etc.$2fast$0(OCoLC)fst01411635
=700  1\$aBeltrán Almería, Luis,$eeditor.
=700  1\$aSoriano-Mollá, Dolores Thion,$eeditor.
=700  1\$aMorales Rivera, Santiago,$d1973-$eeditor.
=830  \0$aEstudios (Universidad de Zaragoza. Departamento de Historia Moderna)
=852  41$aBritish Library$bHMNTS$jYF.2023.a.17716
=856  41$uhttp://digital.casalini.it/9788413402215
=CAT  \\$aCAS-SPAN$b00$c20230503$lBLL01$h0928
=CAT  \\$aBATCH-UPD$b00$c20230503$lBLL01$h0929
=CAT  \\$a11131$b40$c20230724$lBLL01$h1406
=FIN  \\$aY$d20230724
=FMT  \\$a  BK
=LAS  \\$a11131$b40$c20230724$lBLL01$h1406
=SRC  \\$aBLL02

