=LDR  03961cam a2200757 i 4500
=001  021044297
=003  Uk
=005  20230606092350.0
=008  221219t20222022sp\a\\\\\b\\\\000\e\spa\c
=020  \\$a9788498952728$qpaperback
=020  \\$a8498952727
=035  \\$a(OCoLC)1359913002
=040  \\$aC3L$beng$cC3L$dTEF$dNOC$dIND$dTJC$dOCLCF$dC3L$dOCLCA$dUk$erda
=042  \\$aukblderived
=043  \\$ae-sp---
=050  \4$aPQ6144$b.F36 2022
=050  \4$aPQ6139$b.F36 2022
=082  14$a863$214
=245  00$aFantástico y humor en la ficción española contemporánea /$cDavid Roas y Anna Boccuti (eds.).
=264  \1$aMadrid :$bVisor Libros,$c[2022]
=264  \4$c©2022
=300  \\$a325 pages :$billustrations ;$c21 cm.
=336  \\$atext$btxt$2rdacontent
=337  \\$aunmediated$bn$2rdamedia
=338  \\$avolume$bnc$2rdacarrier
=490  1\$aBiblioteca filológica hispana ;$v272
=500  \\$aCollected essays.
=504  \\$aIncludes bibliographical references.
=505  0\$aEntre la risa y la inquietud: la combinación de lo fantástico y el humor como vía de subversión de lo real / David Roas -- Universos del discurso del humor en el modelo de mundos posibles de lo fantástico posmoderno / Alessandra Massoni Campillo -- Comicidad vanguardista y fantástico hispánico en la primera mitad del siglo XX / Alfons Gregori -- Hibridaciones de lo fantástico y el humor en la narrativa breve española en los ochenta y noventa / Gilberto Daniel Vásquez Rodríguez -- Monstruocidad fantástica y humor en la narrativa española del siglo XXI / Natalia Álvarez Méndez -- Género y géneros: estrategias de subversión en la microficción fantástico humorística hispánica e hispanoamericana / Anna Boccuti -- Lo fantástico y el humor en la cinematografía española de los años 60 y 70 / Miguel Carrera Garrido -- Terror, humor y parodia en el cine español (1990-2020) / Paul Quinn -- Entre el espanto y la risa: foŕmulas del terror lúdico en el cómic / José Manuel Trabado.
=648  \7$a1900-2099$2fast
=650  \0$aSpanish fiction$y20th century$xHistory and criticism.
=650  \0$aSpanish fiction$y21st century$xHistory and criticism.
=650  \0$aMotion pictures$zSpain$xHistory$y20th century.
=650  \0$aMotion pictures$zSpain$xHistory$y21st century.
=650  \0$aHumor in literature.
=650  \0$aFantastic, The, in literature.
=650  \0$aFantasy in literature.
=650  \0$aWit and humor in motion pictures.
=650  \0$aFantasy in motion pictures.
=650  \7$aFantastic, The, in literature.$2fast$0(OCoLC)fst00920686
=650  \7$aFantasy in literature.$2fast$0(OCoLC)fst00920849
=650  \7$aFantasy in motion pictures.$2fast$0(OCoLC)fst00920852
=650  \7$aHumor in literature.$2fast$0(OCoLC)fst00963735
=650  \7$aMotion pictures.$2fast$0(OCoLC)fst01027285
=650  \7$aSpanish fiction.$2fast$0(OCoLC)fst01128273
=650  \7$aWit and humor in motion pictures.$2fast$0(OCoLC)fst01905156
=651  \7$aSpain.$2fast$0(OCoLC)fst01204303
=655  \7$aCriticism, interpretation, etc.$2fast$0(OCoLC)fst01411635
=655  \7$aEssays.$2fast$0(OCoLC)fst01919922
=655  \7$aHistory.$2fast$0(OCoLC)fst01411628
=700  1\$aBoccuti, Anna,$eeditor.
=700  1\$aRoas, David,$d1965-$eeditor.
=830  \0$aBiblioteca filológica hispana ;$v272.
=852  41$aBritish Library$bHMNTS$jYF.2023.a.13019
=856  41$uhttp://digital.casalini.it/9788498952728
=CAT  \\$aCAS-SPAN$b00$c20230503$lBLL01$h0928
=CAT  \\$aBATCH-UPD$b00$c20230503$lBLL01$h0929
=CAT  \\$a15989$b40$c20230606$lBLL01$h0920
=CAT  \\$a15989$b40$c20230606$lBLL01$h0921
=CAT  \\$a15989$b40$c20230606$lBLL01$h0922
=CAT  \\$a15989$b40$c20230606$lBLL01$h0923
=CAT  \\$a15989$b40$c20230606$lBLL01$h0923
=FIN  \\$aY$d20230606
=FMT  \\$a  BK
=LAS  \\$a15989$b40$c20230606$lBLL01$h0923
=SID  \\$aZ39$bOCLC

