=LDR  01639cam a2200457 i 4500
=001  021059887
=003  Uk
=005  20230712113410.0
=008  230602s2022\\\\sp\\\\\\\b\\\\000\0\spa\d
=020  \\$a9788411304429
=020  \\$a8411304426
=020  \\$z9788411304436$qpdf
=020  \\$a8411304434
=035  \\$a(OCoLC)1381009077$z(OCoLC)1354328765$z(OCoLC)1354329885
=040  \\$aPLL$beng$cPLL$dC3L$dHVL$dUk$erda
=042  \\$aukblderived
=050  \4$aK3575.C68$bC66 2022
=082  14$a342$214
=245  00$aConstitución y pandemia :$bel estado ante la crisis sanitaria /$cAna Carmona Contreras Blanca Rodríguez Ruiz.
=264  \1$aValencia :$bTirant lo Blanch,$c2022.
=300  \\$a418 pages ;$c22 cm.
=336  \\$atext$btxt$2rdacontent
=337  \\$aunmediated$bn$2rdamedia
=338  \\$avolume$bnc$2rdacarrier
=490  1\$aMonografías
=500  \\$aSelected papers presented at a conference held in Seville, Spain, Dec. 1-4, 2020, and other essays.
=504  \\$aIncludes bibliographical references.
=530  \\$aAlso issued online.
=650  \0$aCOVID-19 Pandemic, 2020-$xLaw and legislation.
=700  1\$aCarmona Contreras, Ana M.,$eeditor.
=700  1\$aRodríguez Ruiz, Blanca,$eeditor.
=830  \0$aTirant monografías.
=852  41$aBritish Library$bHMNTS$jYF.2023.a.16780
=856  41$uhttp://digital.casalini.it/9788411304436
=CAT  \\$aCAS-SPAN$b00$c20230522$lBLL01$h2022
=CAT  \\$aBATCH-UPD$b00$c20230522$lBLL01$h2022
=CAT  \\$a10904$b40$c20230712$lBLL01$h1134
=FIN  \\$aY$d20230712
=FMT  \\$a  BK
=LAS  \\$a10904$b40$c20230712$lBLL01$h1134
=SID  \\$aZ39$bOCLC

