=LDR  02071cam a2200529 i 4500
=001  021067526
=003  Uk
=005  20230719134448.0
=008  230209s2022\\\\sp\\\\\\\b\\\\000\0\spa\d
=010  \\$a  2023414661
=020  \\$a9788413405353
=020  \\$a8413405351
=035  \\$a(OCoLC)on1375036076
=040  \\$aZCU$beng$cZCU$dOCLCF$dC3L$dCLU$dDLC$dUk$erda
=042  \\$aukblderived
=043  \\$ae-sp---
=050  00$aDP171$b.G64 2022
=100  1\$aGómez Zorraquino, José Ignacio,$eauthor.
=245  10$aEn el marco político del pactismo :$bla clientela regia aragonesa que sirvió a los Austrias en la corte, los dominios mediterráneos y las Indias /$cJosé Ignacio Gómez Zorraquino.
=250  \\$a1. edición.
=264  \1$aZaragoza, España :$bPrensas de la Universidad de Zaragoza,$c2022.
=300  \\$a567 pages ;$c22 cm.
=336  \\$atext$btxt$2rdacontent
=337  \\$aunmediated$bn$2rdamedia
=338  \\$avolume$bnc$2rdacarrier
=490  1\$aColección Ciencias sociales ;$v166
=504  \\$aIncludes bibliographical references (pages [531]-564).
=648  \7$a1516-1700$2fast
=650  \0$aElite (Social sciences)$zSpain$zAragon.
=650  \0$aPower (Social sciences)$zSpain$zAragon.
=650  \7$aElite (Social sciences)$2fast$0(OCoLC)fst00908113
=650  \7$aPower (Social sciences)$2fast$0(OCoLC)fst01074219
=651  \0$aSpain$xHistory$yHouse of Austria, 1516-1700.
=651  \0$aAragon (Spain)$xHistory.
=651  \7$aSpain.$2fast$0(OCoLC)fst01204303
=651  \7$aSpain$zAragon.$2fast$0(OCoLC)fst01227604
=655  \7$aHistory.$2fast$0(OCoLC)fst01411628
=830  \0$aCiencias sociales (Instituto des Estudios Almerienses) ;$v166.
=852  41$aBritish Library$bHMNTS$jYF.2023.a.17703
=856  41$uhttp://digital.casalini.it/9788413405360
=CAT  \\$aCAS-SPAN$b00$c20230529$lBLL01$h2020
=CAT  \\$aBATCH-UPD$b00$c20230529$lBLL01$h2021
=CAT  \\$a11002$b40$c20230719$lBLL01$h1344
=FIN  \\$aY$d20230719
=FMT  \\$a  BK
=LAS  \\$a11002$b40$c20230719$lBLL01$h1344
=SRC  \\$aBLL02

