=LDR  03803cam a22005777i 4500
=001  021094119
=003  Uk
=005  20230707220911.0
=008  221216t20222022sp\\\\\\\b\\\\000\0\spa\c
=020  \\$a9788491922940$q(Iberoamericana :$qpaperwork)
=020  \\$a9783968693187$q(Vervuert)
=020  \\$z9783968693194$q(eBook)
=020  \\$a8491922946
=035  \\$a(OCoLC)1356721626
=040  \\$aC3L$beng$cC3L$dVA@$dOHX$dLGG$dC3L$dGZM$dNOC$dOCLCF$dFUG$dUk$erda
=042  \\$aukblcatcopy
=043  \\$an-mx---
=050  \4$aF1231$b.T73 2022
=050  \4$aHN
=082  14$a306$214
=245  00$aTransferencia de saberes y de textos en el archivo virreinal de las Indias /$cEsperanza López Parada, Paloma Jiménez del Campo, Evangelina Soltero Sánchez (eds.).
=264  \1$aMadrid :$bIberoamericana ;$aFrankfurt am Main :$bVervuert,$c2022.
=264  \4$c©2022
=300  \\$a314 pages ;$c23 cm.
=336  \\$atext$btxt$2rdacontent
=337  \\$aunmediated$bn$2rdamedia
=338  \\$avolume$bnc$2rdacarrier
=490  1\$aTiempo emulado. Historia de América y España ;$v85
=500  \\$aCollected essays.
=504  \\$aIncludes bibliographical references.
=505  0\$aDe la expresión de lo autóctono en la obra de Ramón Pané a su occidentalización con Pedro Mártir, Bartolomé de Las Casas o Gonzalo Fernández de Oviedo: del cemí a las estatuas / Mercedes Serna Arnaiz -- De oro, perlas y malos gobiernos en Castilla del Oro: análisis del Memorial de Gonzalo Fernández de Oviedo denunciando los abusos de Pedrarias Dávila y sus oficiales en la gobernación de Castilla del Oro / Ana María Guillamón Pérez -- Noticias de Tenochtitlán: la carta de 1521 del licenciado Zuazo transferida al alemán / Paloma Jiménez del Campo -- El tigre de Cortés: bordes, desplazamientos y escritura en el archivo cortesiano / Valeria Añón -- Hacia una edición crítica, estudio y puesta en escena del Coloquio de la nueva conversión y Bautismo de los últimos cuatro reyes de Tlaxcala en la Nueva España / Aurora González Roldán, Horacio Almada Anderson -- Plebe, voz y justicia en el siglo XVI: el Río de la Plata y el caso Sebastián Caboto / Loreley El Jaber -- "Taken out of certaine Spanyardes letters": la traducción del descubrimiento y la conquista en el Discoverie de sir Walter Ralegh / Juan Manuel Díaz Ayuga -- Sigüenza y sor Juana: una duelo barroco / Rolena Adorno -- Para una relectura de la Vida de sor Juan Inés de la Curz de Diego Calleja / Beatriz Colombi --Circulación literaria entre Brasil e India en los siglos XVII-XVIII: la obra del padre Antonio Vieira / Adma Muhama -- El saber etimológico transferido: "Inga querría decir inglés" / Esperanza López Parada -- La nación indiana, el Inca Garcilaso y la transferencia de saber en el siglo XVII / José Antonio Mazzotti.
=650  \7$aArchival resources.$2fast$0(OCoLC)fst00814016
=650  \7$aCivilization.$2fast$0(OCoLC)fst00862898
=651  \0$aNew Spain$xCivilization.
=651  \0$aNew Spain$xArchival resources.
=651  \7$aNew Spain.$2fast$0(OCoLC)fst01203034
=690  7\$aSocial Welfare$2blcoll
=700  1\$aJiménez del Campo, Paloma,$d1968-$eeditor.
=700  1\$aLópez Parada, Esperanza,$eeditor.
=700  1\$aSoltero Sánchez, Evangelina,$eeditor.
=830  \0$aTiempo emulado ;$v85.
=852  41$aBritish Library$bHMNTS$jYF.2023.a.14456
=856  41$uhttp://digital.casalini.it/9783968693194
=CAT  \\$a15954$b40$c20230620$lBLL01$h1123
=CAT  \\$a15954$b40$c20230620$lBLL01$h1127
=CAT  \\$aBATCH-SWP$c20230707$lBLL01$h2209
=CAT  \\$aW2308-1659$c20230923$lBLL01$h1143
=FIN  \\$aY$d20230620
=FMT  \\$a  BK
=LAS  \\$aW2308-1659$b00$c20230923$lBLL01$h1143
=SID  \\$aZ39$bOCLC

