=LDR  03475cam a22005897i 4500
=001  021094142
=003  Uk
=005  20230620115840.0
=008  221212s2022\\\\sp\a\\\\\b\\\\000\e\spa\c
=020  \\$a9788491923213$q(Iberoamericana)
=020  \\$a8491923217$q(Iberoamericana)
=020  \\$a9783968693729$q(Vervuert)
=020  \\$a3968693728$q(Vervuert)
=020  \\$a9783968693736$q(e-Book)
=020  \\$a3968693736$q(e-Book)
=035  \\$a(OCoLC)1355331617
=040  \\$aC3L$beng$cC3L$dVA@$dLGG$dC3L$dIND$dZCU$dNOC$dHUL$dUk$erda
=042  \\$aukblcatcopy
=043  \\$ae-sp---
=050  \4$aPN6775$b.C74 2022
=082  14$a741$214
=245  04$aLas creadoras gráficas españolas y lo fantástico en el siglo XXI /$cDavid Roas, ed.
=264  \1$aMadrid :$bIberoamericana ;$aFrankfurt am Main :$bVervuert,$c[2022]
=300  \\$a227 pages :$bcolor illustrations ;$c22 cm.
=336  \\$atext$btxt$2rdacontent
=336  \\$astill image$bsti$2rdacontent
=337  \\$aunmediated$bn$2rdamedia
=338  \\$avolume$bnc$2rdacarrier
=490  1\$aLa Casa de la Riqueza. Estudios de la Cultura de España ;$v69
=500  \\$aCollected essays.
=504  \\$aIncludes bibliographical references.
=505  0\$aEn los límites del canon: creadoras y cómic fantástico en el siglo XXXI / David Roas -- ¿Existe lo fantástico en la obra de autoras españolas durante los años boom del cómic adulto / Francisco Sáez de Adana -- Vidas posibles de lo otro: formas del fantástico en Laura Pérez Vernetti / Iván Pintor -- Formas y sentidos de la monstruosidad fantástica en la obra de las creadoras gráficas españolas actuales / David Roas -- Ver o no ver al extraño ser: de fantasmas contemporáneos en los cómics de autoría femeninas / Isabelle Touton -- Modelos de lo fantástico autoral femenino en el cómic contemporáneo: Ocultos, de Laura Pérez, y Los cuentos de la niebla, de Laura Suárez / José Manuel Trabado Cabado -- Lo fantástico y su expresividad gráfica en los cómics de Sonia Pulido y Ana Galvañ / Ana Merino -- Hibridaciones de lo fantástico y la ciencia ficción en Pulse enter para continuar, de Ana Galvañ / Enriuqe del Rey Cabero -- De lo global a lo local: apuntes y reflexiones sobre la autoría en el cómic fantástico del siglo XXI / Elisa McCausland.
=530  \\$aAlso published electronically.
=650  \0$aComic books, strips, etc.$zSpain$y21st century$xWomen authors$xHistory and criticism.
=650  \0$aGraphic novels$zSpain$xWomen authors$y21st century$xHistory and criticism.
=650  \0$aComic books, strips, etc.$zSpain$y21st century$xHistory and criticism.
=650  \0$aGraphic novels$zSpain$y21st century$xHistory and criticism.
=650  \0$aFantasy literature, Spanish$xWomen authors$y21st century$xHistory and criticism.
=655  \7$aGraphic novels.$2fast$0(OCoLC)fst01726630
=655  \7$aGraphic novels.$2lcgft
=700  1\$aRoas, David,$eeditor.
=830  \0$aCasa de la riqueza.$pEstudios de cultura de España ;$v69.
=852  41$aBritish Library$bHMNTS$jYF.2023.a.14461
=856  41$uhttp://digital.casalini.it/9783968693736
=CAT  \\$a15954$b40$c20230620$lBLL01$h1151
=CAT  \\$a15954$b40$c20230620$lBLL01$h1152
=CAT  \\$a15954$b40$c20230620$lBLL01$h1158
=CAT  \\$aW2308-1659$c20230923$lBLL01$h1143
=FIN  \\$aY$d20230620
=FMT  \\$a  BK
=LAS  \\$aW2308-1659$b00$c20230923$lBLL01$h1143
=SID  \\$aZ39$bOCLC

