=LDR  02143cam a22005537i 4500
=001  021134501
=003  Uk
=005  20230706134313.0
=008  230220s2023\\\\sp\a\\\\\b\\\\000\0\spa\d
=020  \\$a9788491923251$q(Iberoamericana)
=020  \\$a849192325X$q(Iberoamericana)
=020  \\$a9783968693866$q(Vervuert)
=020  \\$a3968693868$q(Vervuert)
=020  \\$z9783968693873$q(e-book)
=035  \\$a(OCoLC)1371246262
=040  \\$aC3L$beng$cC3L$dLGG$dOCLCF$dCOD$dCUY$dC3L$dUk$erda
=042  \\$aukblcatcopy
=050  \4$aP121$b.S84 2023
=082  14$a467$214
=245  00$aSuperdiversidad lingüística en los nuevos contextos multilingües :$buna mirada etnográfica y multidisciplinar /$cGabriela Prego Vázquez, Luz Zas Varela (eds.).
=264  \1$aMadrid :$bIberoamericana ;$aFrankfurt am Main :$bVervuert,$c2023.
=300  \\$a206 pages :$billustrations ;$c22 cm.
=336  \\$atext$btxt$2rdacontent
=337  \\$aunmediated$bn$2rdamedia
=338  \\$avolume$bnc$2rdacarrier
=490  1\$aLengua y sociedad en el mundo hispánico ;$v52
=504  \\$aIncludes bibliographical references.
=530  \\$aAlso published electronically.
=650  \0$aLinguistics.
=650  \0$aSociolinguistics.
=650  \0$aMultilingualism.
=650  \0$aLinguistics$xResearch.
=650  \0$aLinguistics$xStudy and teaching.
=650  \7$aLinguistics.$2fast$0(OCoLC)fst00999202
=650  \7$aLinguistics$xResearch.$2fast$0(OCoLC)fst00999223
=650  \7$aLinguistics$xStudy and teaching.$2fast$0(OCoLC)fst00999230
=650  \7$aMultilingualism.$2fast$0(OCoLC)fst01028907
=650  \7$aSociolinguistics.$2fast$0(OCoLC)fst01123847
=700  1\$aZas Varela, Luz,$eeditor.
=700  1\$aPrego Vázquez, Gabriela,$eeditor.
=830  \0$aLengua y sociedad en el mundo hispánico ;$v52.
=852  41$aBritish Library$bHMNTS$jYF.2023.a.16567
=856  41$uhttp://digital.casalini.it/9783968693873
=CAT  \\$a11029$b40$c20230706$lBLL01$h1343
=CAT  \\$aW2308-1659$c20230923$lBLL01$h1144
=FIN  \\$aY$d20230706
=FMT  \\$a  BK
=LAS  \\$aW2308-1659$b00$c20230923$lBLL01$h1144
=SID  \\$aZ39$bOCLC

