=LDR  01749cam a2200469 i 4500
=001  021137935
=003  Uk
=005  20230726115735.0
=008  230331s2022\\\\sp\a\\\\\b\\\\000\0\spa\d
=020  \\$a9788400111175
=020  \\$a8400111176
=035  \\$a(OCoLC)1381139929
=040  \\$aC3L$beng$cC3L$dCGU$dC3L$dOCLCF$dUk$erda
=042  \\$aukblderived
=050  \4$aDP402.C6318$bP345 2022
=082  14$a738$214
=100  1\$aPadilla Fernández, Juan Jesús.
=245  10$aIdentidades y tecnología social en la edad del hierro :$blas cerámicas de Las Cogotas /$cJuan Jesús Padilla Fernández.
=264  \1$aMadrid :$bConsejo Superior de Investigaciones Científicas,$c2022.
=300  \\$a282 pages :$billustrations ;$c32 cm.
=336  \\$atext$2rdacontent
=337  \\$aunmediated$2rdamedia
=338  \\$avolume$2rdacarrier
=490  1\$aBibliotheca praehistorica Hispana ;$vXXXVIII
=504  \\$aIncludes bibliographical references.
=650  \0$aPottery$zSpain$zCogotas Site.
=650  \0$aIron age$zSpain$zCogotas Site.
=650  \7$aAntiquities.$2fast$0(OCoLC)fst00810745
=650  \7$aIron age.$2fast$0(OCoLC)fst00979145
=650  \7$aPottery.$2fast$0(OCoLC)fst01073579
=651  \0$aCogotas Site (Spain)$xAntiquities.
=651  \7$aSpain$zCogotas Site.$2fast$0(OCoLC)fst01247115
=830  \0$aBibliotheca praehistorica Hispana ;$v38.
=852  41$aBritish Library$bHMNTS$jYF.2023.b.1309
=856  41$uhttp://digital.casalini.it/9788400111182
=CAT  \\$aCASALINI$b00$c20230711$lBLL01$h0715
=CAT  \\$a11002$b40$c20230726$lBLL01$h1157
=CAT  \\$aBATCH-UPD$b40$c20230802$lBLL01$h2018
=FIN  \\$aY$d20230726
=FMT  \\$a  BK
=LAS  \\$aBATCH-UPD$b40$c20230802$lBLL01$h2018
=SID  \\$aZ39$bOCLC

