=LDR  02011cam a22005177i 45  
=001  021188514
=003  Uk
=005  20230825155738.0
=008  230612s2022\\\\sp\\\\\\\b\\\\000\0\spa\d
=010  \\$a  2023417652
=020  \\$a9788400110437$q(paperback)
=020  \\$a8400110439$q(paperback)
=020  \\$a9788400110444$q(e-ISBN)
=020  \\$a8400110447
=035  \\$a(OCoLC)on1351842149
=040  \\$aC3L$beng$cC3L$dAUD$dKUK$dBNG$dOCLCF$dCGU$dDGU$dCUY$dDLC$dUk$erda
=042  \\$aukblcatcopy
=050  00$aPQ6665.R68$bZ84 2022
=100  1\$aSpang, Kurt,$eauthor.
=245  10$aFigúrate :$bUn paseo por el bosque de las figuras retóricas en compañía de Miguel d'Ors /$cKurt Spang.
=264  \1$aMadrid :$bConsejo Superior de Investigaciones Científicas,$c2022.
=300  \\$a141 pages ;$c24 cm.
=336  \\$atext$btxt$2rdacontent
=337  \\$aunmediated$bn$2rdamedia
=338  \\$avolume$bnc$2rdacarrier
=490  1\$aAnejos de la Revista de Literatura ;$v96
=504  \\$aIncludes bibliographical references.
=530  \\$aAlso published electronically.
=600  10$aOrs, Miguel d'$xCriticism and interpretation.
=600  17$aOrs, Miguel d'$2fast$0(OCoLC)fst00163504
=650  \0$aSpanish literature$xHistory and criticism.
=650  \0$aSpanish language$xRhetoric.
=650  \0$aSpanish language$xFigures of speech.
=650  \7$aSpanish language$xFigures of speech.$2fast$0(OCoLC)fst01128359
=650  \7$aSpanish language$xRhetoric.$2fast$0(OCoLC)fst01128478
=650  \7$aSpanish literature.$2fast$0(OCoLC)fst01128568
=655  \7$aCriticism, interpretation, etc.$2fast$0(OCoLC)fst01411635
=830  \0$aAnejos de Revista de literatura ;$v96.
=852  41$aBritish Library$bHMNTS$jYF.2023.a.20534
=856  41$uhttp://digital.casalini.it/9788400110444
=CAT  \\$a15954$b40$c20230825$lBLL01$h1553
=CAT  \\$a15954$b40$c20230825$lBLL01$h1557
=FIN  \\$aY$d20230825
=FMT  \\$a  BK
=LAS  \\$a15954$b40$c20230825$lBLL01$h1557
=SRC  \\$aBLL02

