=LDR  03114cam a22005537i 45  
=001  021193270
=003  Uk
=005  20230830113009.0
=008  221217t20222022sp\\\\\\\b\\\\001\d\spa\c
=020  \\$a9788491923183$qIberoamericana$qhardbound
=020  \\$a8491923187$qIberoamericana$qhardbound
=020  \\$a9783968693651$qVervuert$qhardbound
=020  \\$a3968693655$qVervuert$qhardbound
=020  \\$a9783968693668$q(e-book)
=020  \\$a3968693663$q(e-book)
=024  3\$a9788491923183
=024  3\$a9783968693651
=035  \\$a(OCoLC)1355289069$z(OCoLC)1355331955
=040  \\$aOHX$beng$cOHX$dVA@$dQGJ$dNOC$dERASA$dC3L$dLGG$dGZM$dOCLCF$dFUG$dUk$erda
=042  \\$aukblcatcopy
=050  \4$aPQ6284$b.M24 2022
=072  \7$aPQ$2lcco
=082  04$a440
=100  1\$aCalderón de la Barca, Pedro,$d1600-1681,$eauthor.$4aut
=245  10$aMañanas de abril y mayo /$cPedro Calderón de la Barca ; edición de Ignacio Arellano.
=264  \1$aMadrid :$bIberoamericana ;$aFrankfurt am Main :$bVervuert,$c2022.
=264  \4$c©2022
=300  \\$a177 pages ;$c24 cm.
=336  \\$atext$btxt$2rdacontent
=337  \\$aunmediated$bn$2rdamedia
=338  \\$avolume$bnc$2rdacarrier
=490  1\$aBiblioteca áurea Hispánica ;$v154
=490  1\$aComedias completas de Calderon ;$v29
=504  \\$aIncludes bibliographical references (pages 53-58) and index.
=520  3\$a"Mañanas de abril y mayo es una de las más perfectas y divertidas comedias cómicas de Calderón. Supone a la vez un ejemplo arquetípico del género de capa y espada y un avance particularmente humorístico en el tratamiento del tema amoroso y de los personajes protagonistas que prefieren un «amor al uso», cómodo y cínico, sin platonismos ni fidelidades, que los lleva a enredarse en numerosas peripecias, equívocos y celos ocasionales que luego se deshacen al averiguarse la verdad, burlas que se vuelven contra sus agentes en un mecanismo de inversión de probada eficacia dramática. Mañanas de abril y mayo juega con situaciones y esquemas de vigencia universal: el deseo, el amor, la burla, el enredo engañoso, y muestra la extraordinaria habilidad del poeta para la construcción de una intriga que se desenvuelve con absoluta precisión y con un lenguaje poético de asombrosa armonía, tejiendo todos los hilos sin perder nunca el control, con una complejidad que convive con la claridad de modo admirable." --$cPublisher's website.
=655  \7$aDrama.$2fast$0(OCoLC)fst01423879
=655  \7$aDrama.$2lcgft
=700  1\$aArellano, Ignacio,$eeditor.$4edt
=776  08$ie-book version$z9783968693668
=800  1\$aCalderón de la Barca, Pedro,$d1600-1681.$tPlays.$lSpanish.$s(Pamplona, Spain) ;$v29.
=830  \0$aBiblioteca Aurea hispánica ;$v154.
=852  41$aBritish Library$bHMNTS$jYF.2023.a.20893
=856  41$uhttp://digital.casalini.it/9783968693668
=CAT  \\$a11029$b40$c20230830$lBLL01$h1129
=CAT  \\$a11029$b40$c20230830$lBLL01$h1130
=FIN  \\$aY$d20230830
=FMT  \\$a  BK
=LAS  \\$a11029$b40$c20230830$lBLL01$h1130
=SID  \\$aZ39$bOCLC

