=LDR  01819cam a22005057i 45  
=001  021196873
=003  Uk
=005  20230906142234.0
=008  230626s2023\\\\sp\\\\\\\b\\\\001\0\spa\d
=020  \\$a9788491923602$q(Iberoamericana)$qpaperback
=020  \\$a9783968694511$q(Vervuert)
=020  \\$z9783968694528$qebook
=020  \\$a8491923608
=035  \\$a(OCoLC)1388657734
=040  \\$aC3L$beng$cC3L$dIBEAM$dLGG$dC3L$dUk$erda
=042  \\$aukblcatcopy
=050  \4$aPN1993.5.S7$b.V55 2023
=082  14$a791$214
=100  1\$aVillalobos Graillet, José Eduardo,$eauthor.
=245  13$aLa Celestina y el cine :$bCensura y recepción (1969-1996) /$cJosé Eduardo Villalobos Graillet.
=264  \1$aMadrid :$bIberoamericana ;$aFrankfurt am Main :$bVervuert,$c2023.
=264  \4$c© 2023
=300  \\$a275 pages ;$c22 cm.
=336  \\$atext$btxt$2rdacontent
=337  \\$aunmediated$bn$2rdamedia
=338  \\$avolume$bnc$2rdacarrier
=490  0\$aLa Casa de la Riqueza. Estudios de la Cultura de España ;$v73
=500  \\$aJoint ed.
=504  \\$aIncludes bibliographical references and index.
=530  \\$aAlso published electronically.
=546  \\$aSpanish.
=600  10$aRojas, Fernando de,$d-1541.$tCelestina.
=600  10$aRojas, Fernando de,$d-1541$xInfluence.
=650  \0$aMotion pictures, Spanish$xHistory.
=852  41$aBritish Library$bHMNTS$jYF.2023.a.21906
=856  41$uhttp://digital.casalini.it/9783968694528
=CAT  \\$a15954$b40$c20230904$lBLL01$h0756
=CAT  \\$a15954$b40$c20230904$lBLL01$h0757
=CAT  \\$a15954$b40$c20230904$lBLL01$h0800
=CAT  \\$a7416$b40$c20230906$lBLL01$h1422
=CAT  \\$aBATCH-UPD$b40$c20230913$lBLL01$h1047
=FIN  \\$aY$d20230904
=FMT  \\$a  BK
=LAS  \\$aBATCH-UPD$b40$c20230913$lBLL01$h1047
=SID  \\$aZ39$bOCLC

